2479 3508
370 2731 619 2852 Gene. 23.c
1184 154 1826 275 DE INVENT. RERVM
658 245 2239 429 to ponere non ausim,ne diuinare potius quam veritati inhaerere dicar.
656 342 2241 490 Sed in re parum nota coniectare licet. Porrò à CHRISTI statim ascen
658 417 2239 545 sione prima in Christianum nomen insectatio à Iudaeis coepit, secun-
666 486 2243 619 dam Nero indixit, quam vix finitam tertia à Domitiano veluti dira
658 543 2243 676 lues immissa excepit. Sic aliae super alijs vsque ad tempora Diocletiani
664 615 2239 737 & Maximiani imperatorum persecutiones immanissimae continuarunt.
666 690 2233 794 Quo ferè toto temporis interuallo tantum aberat, vt aliquod templum
660 759 2239 856 à fidelibus publicitus fabricaretur: vt etiam omnia (autore Platina) es-
658 812 2239 927 sent occulta, & sacella potius atque eadem abdita, & plerunque fub-
658 879 2231 990 terranea, quàm apertis in locis ac publicis fierent. Est tamen consenta
650 945 2233 1059 neum credere, in remotis locis quo non facile peruaserat ille persecu-
650 1010 2233 1113 tionum furor, phana aliqua interim aut aedificata, aut quae primum dae-
660 1075 2231 1174 monum fuerant, Christo dicata ab Apostolis fuisse, qui vbique gentium
664 1136 2235 1247 vbique temporum propagandae fidei totis viribus incumbebant. Quod
650 1206 2219 1310 aut in Aethiopia à Matthaeo, aut in India citeriore à Bartholomao
650 1279 2225 1372 aut in Scythia ab Andrea: quorum praedicatione his gentibus Christia-
648 1336 2219 1443 nae pietatis lux ab initio affulsit, factum esse & crediderim & dixerim.
650 1405 2213 1494 Non abhorret praeterea à fide aliquam cellam fuisse primitus à Iaco-
642 1468 2213 1567 bo Hierosolymis deo dicatam, qui inibi cathedram primus locauit pri
646 1530 2213 1619 musque rem diuinam ritu apostolico facere coepit. Autor Eusebius.
644 1593 2219 1682 Nec mirum alicui esse debet, si talia ac huiusmodi bene multa alia mi
644 1672 2217 1753 nus literis prodita sint, quod scriptorum inopia factum est. Romae non
644 1743 2211 1826 reperio (quod sciam) aliud antiquius templum aedificatum, aut dica-
650 1789 2215 1873 tum, vel ad vsum sacrorum fuisse conuersum, quàm Thermas Nouati
644 1850 2209 1933 in vico Patritio, quas Pius pontifex Praxedis eximiae sanctitatis foemi
638 1919 2213 2008 nae rogatu diuae Pudentianae eius sorori dedicauit. Qui fuit annus cir-
644 1978 2215 2071 citer quinquagesimus supra centesimum ab eo qui humanae salutis fuit
933 2045 2205 2124 primus. Iginius tamen qui Pium praecesserat, autor fuit, vt templa so
646 2109 2207 2196 lennibus dedicarentur ceremonijs (vt alibi fusius dicetur, cum de festo-
638 2166 2205 2255 rum dierum celebratione agetur) quod fidem facit, iam antea loca ali-
642 2243 2209 2336 qua deo dicata fuisse, sed vbi loci id factum fuerit, parum liquido tra-
636 2300 2202 2399 ditur. Nec ita multo post Calistus iam sese tyrannorum odio sensim re-
642 2356 2192 2449 mittente, aedem in transtyberina regione in honorem beatae virgini
640 2423 2204 2524 struxit, coemeteriummque de suo nomine condidit, via Appia, vbi mul-
636 2484 2204 2571 torum martyrum repositi erant cineres. Visuntur hodie his locis & sacella
638 2547 2205 2636 quaedam, quibus occulto rem diuinam prisci illi pietatis cultores fecisse
636 2619 2200 2704 creduntur: quoniam (vti ostendimus) publice non liceret. Coemiterij
634 2678 2198 2767 condendi institutum Abrahae assignant, qui (sicut refertur apud losephum)
638 2747 2198 2850 dicitur emisse ab Ephron Hethaeo filio Saor prope Hebron, quadringen
636 2802 2196 2901 tis siclis speluncam duplicem, & agrum circa eam, sepelisseque in ea Sa
626 2860 2198 2954 ram vxorem suam, inibique ipse mox repositus fuisse. De vario apud
630 2933 2192 3055 alias gentes olim sepeliendi vsu, alibi suo dictum est loco. Altare (vt le-
