2479 3508
697 89 1291 219 LIBER QVINTVS
1715 130 1821 269 86
106 192 1821 334 fuit, ceu euangelio contrarium, quod iubet vxorem fornicationis cau-
99 272 1821 404 sa tantum omitti, & idcirco sanxit, vt nullus amplius ordinaretur sub-
103 337 1816 483 diaconus, nisi se caste victurum prius promisisset, quo sic in ecclesiam
106 416 1806 541 legem continentiae introduceret. Voluit opinor, Gregorius minores
94 474 1806 618 coercere, vt illorum exemplo maiores ex Siricij instituto, mox sua spon
96 541 1794 688 te matrimonia spernerent. Eò quoque pertinet, cum in suo Dialogo,
94 608 1797 743 laudat presbyterum quendam, quia presbyteram suam, id est vxorem
99 673 1797 813 ceu sororem abstinendo colebat. Caeterum non tenuit tum primum
96 738 1797 892 istud institutum, sicut antea Calisti decretum non est seruatum, quem
96 808 1797 940 idem Gratianus autor est, primum sacerdotibus vniuersis indixisse coe
94 875 1787 1022 libatum. Alij id Eugenio post Gregorium attribuunt. Praeterea illud
94 938 1785 1092 ipsum cum Meldensi tum Carthaginensi synodis est magno onmium
96 1013 1785 1152 consensu statutum (sicut in Canonicis Decretis distinctione tricesima
91 1075 1782 1222 secunda, & octogesima quarta legimus) Ita alijs denique super alijs
103 1133 1780 1294 promulgatis legibus, non ante tempora Gregorij septimi, qui anno sa
94 1207 1782 1347 lutis septuagesimo quarto, supra millesimum, est pontifex creatus, con
84 1272 1772 1424 nubium è medio occidentalis ecclesiae tolli potuit. Quod verissimum
91 1330 1772 1486 esse, testatur Leo Nonus, qui paulo ante istum Gregorium, sedem te-
84 1400 1770 1546 nuit Apostolicam, ita aduersus quendam abbatem nomine Nicetam,
94 1472 1775 1597 scribens, Omnino confitemur, non licere episcopo, presbytero, & dia
91 1530 1775 1676 cono propriam vxorem causa religionis abijcere à cura sua, sed vt ei
91 1599 1770 1741 victum & vestitum largiatur, ac non vt cum illa carnaliter ex more ia
91 1686 1768 1809 ceat, sicut & sanctos Apostolos legimus fecisse, beato Paulo Apostolo
94 1758 2025 1888 dicente: An non habemus potestatem sororem mulierem circundu-
91 1792 1760 1934 cendi? Haec ille. Autor est Gratianus. Idem sentit Iacobus Faber vir
84 1866 1760 1996 tempestate nostra pari vel doctrina, vel probitate praeditus (vti extat
89 1934 1763 2056 in eius commentario in Pauli epistolam ad Timotheum) Atque sic pro-
91 1994 1756 2124 fecto decet eos, qui altari inseruiunt, dicente Hieronymo contra louinia-
94 2071 1760 2186 num: Si laicus & quisque fidelis non potest orare, nisi careat officio coniu
94 2138 1756 2237 gali, sacerdoti verò cui semper offerenda sunt sacrificia semper orandum
91 2201 1758 2316 est, ergo semper matrimonio carendum, cum praesertim foemina factis
91 2246 1756 2364 semper melioribus obstet. Sunt insuper sacerdotes bene multis per
89 2323 1758 2441 hunc modum, liberati molestijs, quas Simonides interrogatus quid es
91 2371 1751 2501 set vxor, enarrat inquiens: Vxor est viri naufragium, domus tempe-
84 2446 1748 2569 stas, quietis impedimentum, vitae captiuitas, poena quotidiana, pugna
87 2508 1751 2626 sumptuosa, bestia contubernalis, malum necessarium. Sed iam vi-
94 2561 1753 2689 deamus vtrum praestiterit, nécne coactam hanc castitatem illa prius
94 2641 1741 2749 coniugali repudiata amplecti. Porrò dum sacerdotes generabant le-
94 2703 1746 2811 gitimos filios ecclesia felici prole virûm vigebat, tum sanctissimi erant
94 2761 1744 2867 pontifices, episcopi innocentissimi, presbyteri diaconique integerri-
84 2838 1751 2944 mi castissimique. Si qui verò praeuaricabantur, ne impugne facerent, eis
96 2893 1751 3030 violatio inexorabili vindicta expienda erat. Sed ne varia poenarum
1354 2977 1503 3064 m. ij.
1765 1855 2026 1905 I.Cor.9.a
