2479 3508
417 494 654 592 Gen. II.d
415 578 588 680 29.e.f.
411 982 643 1121 Nu. 36.c
404 1330 639 1444 Gen. 2.d
1181 98 1877 249 DE INVENT. RERVM
696 235 2306 417 dinum vinculis necterentur, ne vnus in vna multas haberet, sed sin-
696 302 2300 480 gulae diffunderentur in singulos, ac sic ad socialem vitam studiosius
696 374 2288 539 conciliandam, plurimae necessitudines plurimos complecterentur.
690 443 2294 603 Hinc denique ad consobrinas & neptes, ad aliasve longe positas tans-
690 509 2298 668 itum est. Sic Abraham Saram ex Aram fratre neptem duxit vxorem:
694 578 2300 729 sic Iacob Liam & Rachel filias Laban auunculi coniuges habuit : sic
701 633 2304 792 alij alias nullo sibi genere propinquas mox duxere vxores. Fuit tamen
690 701 2298 866 illis curae, teste Augustino de ciuitate dei libro XI, propinquitatem, ne
701 772 2296 919 propaginum ordinibus se sensim dirimens longius abiret, & propin-
707 846 2306 978 quitas esse desineret: nondum procul locatam rursum matrimonij vin-
696 901 2294 1042 culo colligare, & quodammodo reuocare fugientem: quo per id in vna
690 960 2298 1103 familia, vel tribu opes perpetuo remanerent. Ac ideo de suo genere
701 1031 2298 1168 virorum & foeminarum paria iungere voluit Moses, dicens: Omnes
696 1095 2300 1226 viri ducant vxores de tribu & cognatione sua: & cunctae foemina de
696 1160 2300 1293 eadem tribu maritos accipiant, vt haereditas permaneat in familijs.
690 1221 2298 1350 Hoc scriptum leges in Numeris. At nunquam licuit plures simul ha-
684 1270 2294 1417 bere vxores, vetante domino ac dicente, ad Adam primum parentem
684 1340 2292 1471 cui Euam copulauit vxorem, Propterea deseret homo patrem & ma-
690 1409 2302 1538 trem, & adhaerebit vxori suae, & erunt duo in carnem vnam. Sic deus
690 1469 2296 1603 per vnum par hominum, hoc est, masculi & foeminae voluit coniu-
692 1554 2302 1659 gium confici. Verum vti mulierum inopia in causa fuit, quamobrem
678 1599 2294 1720 fratres in principio sibi sorores connubio adsociarent, sic raritate po-
690 1663 2288 1779 puli factum videtur, vt Hebraeorum quidam propagandae sobolis stu
688 1724 2290 1855 dio plures interdum vxores simul habuerint. Quod facinus diuus Am-
682 1787 2288 1908 brosius ita diluit, disserens: Obijciuntur Iacob quatuor vxores: quia
682 1859 2294 1977 mos erat, crimen non erat. Sicut patriarchae coniugibus accipientibus
678 1932 2284 2026 semen suum miscebantur, non concupiscentia perficiendae voluptatis,
672 1989 2284 2094 sed prouidentia propagandae successionis: sic Apostoli auditoribus ad-
680 2059 2294 2159 mirantibus doctrinam suam condelectabant: non auiditate consequen
672 2124 2286 2237 dae laudis, sed charitate seminandae veritatis. Hactenus Ambrosius.
672 2183 2290 2298 Inde par est credere, ad barbaros eum ritum transpositum esse, qui (ve
660 2239 2290 2359 lut suprà ostendimus) singuli binas pluresque pro opibus, vxores du-
666 2322 2292 2429 cebant. Id quod Saraceni ex Mahumeti instituto turpiter seruant.
660 2382 2290 2482 sed ad propositum redeamus. Postremo Moses moderaturus nuptijs,
656 2453 2290 2559 statuit, ne quisquam primo vel altero cognationis gradibus propin-
666 2506 2292 2610 quam duceret vxorem, quo ipsa necessitudo libidine concumbendi,
656 2600 2294 2680 non imputaretur: quam Ethnici eo modo maxime inquinabant. Nam
660 2643 2292 2729 Athenienses, Medi, Arabes, & plerique alij (sicut in primo huius ope
652 2729 2292 2817 ris volumine, quum de matrimonij origine prodidimus, est demon-
645 2784 2281 2880 stratum) sorores cum matribus ductabant vxores. Romani verò ne-
647 2839 2281 2949 ptes ad vltimum sibi copulabant, eiusque rei initium Plutarchus in
645 2902 2281 3035 Problematis docet, ad hunc modum scribens: Superioribus enim
