2479 3508
310 372 559 411 Mar.14.b
305 507 559 541 Matt.26.c
283 1153 542 1293 Leuit. 2.c
309 1494 562 1535 Apoc.17.a
296 2171 515 2269 ps.III.a
1121 118 1801 283 DE INVENT. RERVM
584 237 2262 419 ditus patiar. Caeterum cupio prius quàm haec fiant, id solenne vobiscum
276 333 2254 476 celebrare. Haec ait, ac simul duos ex discipulis Hierosolymam mittit
591 409 2259 520 qui locum pararent: nec multo post ipse cum alijs secutus intus in vr-
288 463 2264 596 bem venit. Hic vbi coeptum est discumbi, accepit panem: & cum egis-
584 530 2259 643 set gratias, fregit, deditque discipulis suis, & ait: Accipite & comedite,
581 599 2262 705 hoc est corpus meum. Et accipiens calicem, gratias egit, & dedit illis, di
581 660 2264 771 cens: Bibite ex hoc omnes: hic est enim sanguis meus noui testamenti,
586 737 2262 828 qui pro multis effundetur in remissionem peccatorum. Sic sub panis & vi-
581 793 2259 892 ni specie corpus suum & sanguinem verbo consecratum, singulis assumen
584 875 2262 963 dum obtulit: mandauitque, vt tale sacrificium fieret deinceps in sui me-
586 931 2262 1020 moriam. Alexander postmodum septimus à Petro pontifex, consecratu
577 998 2262 1074 rus, primus aquam vino miscuit: instituitque, vt oblatio ex azymo non fer-
584 1054 2264 1146 mentato (vt antea consueuit) fieret pane. Et hoc vt purior materia es-
584 1123 2259 1207 set, vel quia CHRISTVS azymo consecrasset, aut (sicut Rabano pla-
589 1188 2262 1279 cet) quòd dominus per Mosen praecepisset, vt omnis oblatio absque fer-
584 1264 2262 1330 mento fieret, illud verò vt CHRISTVS ecclesiae coniunctus significa-
577 1323 2264 1402 retur: seu quia ex eius latere, dum in cruce penderet, exisset sanguis &
581 1375 2262 1454 aqua. At diuus Cyprianus lib. epistolarum secundo, aliam huiusce rei ra-
281 1436 2257 1528 tionem ponit. Legimus enim in Apocalypsi; Aquae quas vidisti, super
589 1508 2257 1601 quas sedet meretrix populi, &c. Hinc ait in sacris literis saepe aquas si-
591 1564 2247 1670 gnificare populum: & proinde inquit: Sic autem in sacrificando in calice do
584 1629 2257 1732 mini offerri aqua sola non potest, quomodo nec vinum solum potest. Nam
586 1688 2259 1779 si vinum tantum quis offerat, sanguis CHRISTI incipit esse sine no
584 1752 2257 1843 bis. Sin verò aqua sit sola, plebs incipit esse sine CHRISTO. Quando
584 1813 2254 1934 autem vtrunque miscetur, tunc sacramentum spiritale & coeleste perfici-
584 1877 2262 1969 tur. Cur autem mane & non vesperi apud nos sacrificetur, cum satis con-
586 1937 2262 2045 stet CHRISTVM post coenam mistum calicem obtulisse: id causae est:
589 2008 2257 2104 quòd (teste eodem) CHRISTVM offerre oportebat circa vesperam diei:
596 2067 2252 2161 vt hora ipsa sacrificij ostenderet occasum, & vesperam mundi: sicut in
589 2131 2252 2247 psalmo scriptum legitur: Eleuatio manuum mearum sacrificium vesper
591 2190 2254 2296 tinum. Nos verò resurrectionem domini mane celebramus, quia pas-
584 2262 2151 2385 sionis eius mentionem in sacrificijs omnibus in primis facimus.
599 2370 2254 2511 Qui primitus post CHRISTVM eo ritu sacrificare coeperint, quem ille
678 2444 2254 2548 docuisset. Et qui deinceps modum rei diuinae faciendae, quam missam
678 2511 2247 2609 vocant, adauxerint. Et quis primum statuerit vt staretur, cum Euange-
675 2575 2254 2683 lium legeretur: & vnde vsus adolendi thus in altare, & lauandi manus,
678 2631 2252 2747 & dandi osculum pacis mutuo inter sacerdotes, dum sacrificatur, ac cir
675 2700 2252 2799 cumferendi pacem astanti populo, atque eidem benedicendi. Caput X.
774 2762 2257 2860 Nvda ab initio omnia & simpliciter mysteria à CHRISTO tra
766 2816 2257 2942 dita inter Apostolos tractabantur: nuda omnis ceremoniarum
756 2880 2259 3030 ratio, plus pietatis habens quàm apparatus. Porrò satis constat
