2479 3508
757 102 1291 202 LIBER QVINTVS.
1603 95 1696 216 89
221 159 1749 314 pe principio Christianae ecclesiae, & quis primus vero deo templum
289 266 1746 391 erexerit, statueritque vt ipsa templa solenni ceremonia dedicarentur,
277 334 1739 443 ac vbi gentium prima aedes dicata fuerit CHRISTO saluatori no
282 418 1744 496 stro. Et quis Romae primùm coemeterium condiderit, & quis pri-
275 471 1739 587 mitus dedicauerit altare deo, & quando primùm crux coeperit ha-
282 518 928 600 beri honori atque venerationi. Caput VI.
350 593 1739 705 Hactenus ecclesiae primordia, & ea quidem carptim attigimus,
261 641 1735 755 nunc de eiusdem & materialis templi simul initijs indiscrimi-
343 714 1735 832 natim dicendum. Ecclesiam quae & synagoga dicitur, & vtrum-
214 775 1742 898 que Graecum est vocabulum, significatque apud nos conuocationem, con
205 830 1742 953 cionem, conuentum, & denique coetum fidelium nos effecimus: quo-
205 898 1746 1023 ties simul conuenimus, simul inter nos congregamur, simul vnanimes
214 955 1744 1080 sincera fide armati, spe certa ducti, charitate non ficta tacti inuocamus
209 1014 1751 1148 nomem domini. Hanc nimirum primus omnium condidit CHRISTVS prae
205 1103 1749 1210 ceptor noster, cuius & caput est: qui Apostolos, qui discipulos non ex
205 1155 1744 1291 Sophistarum scholis (haud enim talium indiga est veritas) sed ex pro-
200 1223 1737 1346 bissimorum hominum genere in vnum coegit, docuitque coelestem do-
200 1298 1739 1407 ctrinam. Secundum eum, Apostoli ipsi fundarunt, qui post ascensio-
202 1355 1742 1467 nem ipsius saluatoris reuersi Hierosolymam â monte Oliueti, introie-
196 1419 1746 1528 runt domum, ascenderunt in coenaculum, & ibi omnes vnâ cum dei-
205 1469 1742 1594 para virgine, aliisve mulieribus perseuerarunt vnanimiter in oratio-
196 1548 1967 1678 ne ac deprecatione. Eam Lucas vocat ecclesiam, dicens in Actis: Ec-
200 1592 1753 1730 clesiae quidem per totam Iudaeam & Galilaeam & Samariam habebant
200 1669 1753 1801 pacem, & aedificabantur ambulantes in timore domini, & consolatio-
200 1746 1758 1862 ne sancti spiritus multiplicabantur. Attende dixit, am bulantes, vt in-
193 1789 1753 1942 telligeres ecclesiam non manufactam quam vulgus appellat, sed spiri
191 1851 1753 1996 tualem: quia deus spiritu colitur à nobis: testante Apostolo atque di-
189 1912 2012 2051 cente: Orabo spiritu, orabo & mente: psallam spiritu, psallam & men-
193 1983 1755 2121 te. Et quoniam spiritus noster corpore continetur, hinc factum est, vt
191 2069 1758 2181 continens corpus dictum sit templum. Vtrunque affirmat idem Apo-
189 2126 2015 2271 stolus, suis ita loquens Corinthijs: An nescitis quòd templum dei estis,
189 2190 1776 2324 & spiritus dei habitat in vobis? Templum tale carne & ossibus con-
205 2249 1758 2385 stans rerum omnium opifex deus principio finxit. Is fuit Adam noster
191 2326 1760 2474 primus parens (vt supra diximus) ex materia, post haec Moses primo
184 2397 1764 2515 tabernaculum deo statuit, vbi preces & pia vota illi exoluerentur: &
186 2451 1760 2578 in eo fabricata est arca, in qua lapideas clauserunt tabulas, quibus in-
184 2535 1769 2660 cisae erant leges. Secundo deinde loco Salomon rex templum Hieroso
191 2574 1762 2731 lymis (vt alibi plenius dicemus) magnificentissimo apparatu aedifica-
184 2665 1774 2781 uit. Haec fuit synagoga materialis, vt vulgo nunc vocatur: spiritalem
180 2722 1767 2865 nominat dominus, ita loquens Mosi: Sume Aaron & filios eius, & om-
180 2779 1769 2935 nem synagogam conuoca, &c. Post euangelicum dogma inter gentes
180 2840 1767 3040 publicatum, vbi loci prima aedes saluatori nostro dicata fuerit pro cer
1758 1319 1951 1423 Act.I.b
1788 1650 1960 1686 Act.9.e
1783 2043 2017 2076 I.Cor.14.c
1789 2253 2014 2286 I.Cori.3.c
