2479 3508
1608 167 1665 198 92
632 174 1158 236 LIBER QVINTVS.
194 179 1760 391 vt homo ad aram immolaretur, sed vti in Tybetim de ponte Miluio
192 302 1754 475 mitteretur. Quod ex responso quondan factitatum, Varro autor est. Cu-
194 359 1763 534 ius responsi vitimus versus erat: Et capita inferno & patri transmittite
189 422 1761 595 lumen, id est, hominem. Verum id genus sacrificij postea ab Hercule est
192 489 1756 650 immutatum, vt pro veris hominibus imagines ex scyrpo iacerentur, sicut
187 564 1754 717 supra docuimus. Quod in Fastis Ouidius late docet. Philo qui Phoeni-
190 634 1752 778 cum historiam scripsit, Priscis morem fuisse tradit, vt in magnis pericu-
189 699 1744 852 lis princeps dilectissimum ex liberis, vlciscenti daemoni quasi redemptionis
192 754 1748 915 praemium traderet, & sic traditum mystice iugularet. Non erant praeterea
194 823 1754 968 contenti mali daemones multiiuga hominum caede, nisi etiam mulieres
194 907 1750 1023 suam eis pudicitiam prostituerent. Porrò Alexandriae simulachrum Satur-
187 956 1744 1082 ni religiosissime colebatur, cuius sacerdos Tyrannus nomine matronas
189 1021 1752 1153 eius ciuitatis quas elegisset, tanquam à deo accitas noctu ad simulachrum
187 1106 1750 1206 ductabat, ibique extinctis repente luminibus eas inibat. Sic Tyrannus
187 1145 1750 1265 communis adulter libidinem explebat dei mentitus personam, testis Ruffi
190 1229 1746 1357 nus libro vndecimo ecclesiasticae historiae. Item apud Nasamones & Au
192 1290 1744 1390 gulas (vti suprà memorauimus cum de coniugij origine prodidimus)
189 1345 1744 1457 mos erat, vti sponsa prima nocte cum singulis conuiuis coiret in gra-
189 1404 1746 1518 tiam Veneris. Caeterum si homines veluti sapientiores ab huiusmodi
187 1477 1738 1583 truculentissimis foedissimisque immolationibus paululum abstinuissent,
192 1538 1750 1642 quid praemij consequerentur, imò quid noxae quidve supplicij subire co-
190 1595 1734 1724 gerentur, ostendamus. Dionysius Halicarnasseus in primo Antiquitatum,
189 1669 1750 1760 ait louem & Apollinem, quoniam decima hominum non fuisset illis immo-
194 1732 1750 1846 lata, magnas Italis calamitates induxisse, vsque adeo vt nulli fructus ad
187 1799 1752 1889 maturitatem vsque permanerent, sed immaturi defluerent. Fontes alij bibi
187 1869 1752 1952 non possent, alij deficerent. Mulieres abortum facerent. Homines & peco-
192 1936 1750 2034 ra passim varijs morbis perirent, donec decima reddita sit. Diodorus
194 1993 1756 2084 itidem testis est, Carthaginenses (vt diximus) Saturno humanas hostias
192 2044 1750 2137 solitos immolare, & cum victi essent ab Agathocle rege Siculorum, ira-
194 2113 1750 2227 tum sibi deum putauisse, atque vt diligentius piaculum soluerent, ducentos
187 2176 1756 2272 nobilium filios immolasse. Eiusmodi foeda facinora iam antea in psalmo
194 2239 1754 2323 centesimoquinto praedicta sunt, Et immolauerunt filios suos & filias suas
192 2303 1756 2392 daemonijs. Possem referre plura tanti sceleris exempla, quae breuitatis
192 2370 1754 2490 studio praeterire libuit. Fallebant praeterea mortales huiusmodi daemo-
194 2449 1756 2547 nes amphibolis, nodosis & flexiloquis responsis: id est, ita ambiguis vt
189 2492 1758 2588 in ambas partes agi possent. Vnde Vergilius: Talibus ex adyto dictis
196 2561 1756 2679 Cumaea Sibylla Horrendas canit ambages, antroque remugit, Obscuris
192 2633 1761 2708 vera inuoluens. Quale fuit illud Apollinis ad Pyrthum Epiri regem
187 2694 1760 2775 responsum: Aio te AEacida Romanos vincere posse. Et ad Croesum Ly-
194 2759 1646 2873 dorum regem: Intrepidus si Croesus Alym transmiserit amnem,
187 2828 1320 2932 imperium perdet magnum regnumque superbum.
187 2847 1761 3014 Ambo victi sunt, hic à Cyro Persarum rege, ille à Romanis: qui ex
