2479 3508
657 165 1236 286 LIBER QVINTVS.
1624 192 1733 300 84.
89 251 1792 384 coelestis spiritus consecretur. Haec Eusebius. Diuus quoque Hieronymus
81 349 1779 455 disserens locum Psalmi: Nolite tangere Christos meos, quem supra ci-
84 411 1779 514 tauimus, de eadem re perbelle docet, inquiens: Erubescant ergo Iu-
81 475 1779 591 daei, qui dicunt: Quoniam si non aliquis vngatur regali vnguento,
86 556 1787 650 non potest CHRISTVS vocari. Hoc enim dicunt, quoniam dominus
84 598 1777 701 noster non est CHRISTVS, quia non est vnctus vnguento regali. Ec-
84 679 1772 765 ce ante legem patriarchae non vncti regali vnguento Christi dicun-
76 721 1775 844 tur. Christi autem sunt, qui spiritu sancto vnguntur. Ergo & domi-
79 785 1777 911 nus noster iuste vocatur CHRISTVS. & reliqua. Origenes itidem
74 844 1775 970 late refert de hac CHRISTI vnctione in Homil. XII. super Leuiti-
76 903 1398 1009 cum. Iam liquido constat, quod exponere polliciti sumus. Chrisma ve
79 994 1772 1085 rò Graeca vox est, & idem latine sonat, atque vnctio. Fiebat autem ex
74 1029 1770 1164 myrtha electa, ireo, cinnamomo, & calamis, qui teste Plin. in Arabia,
76 1100 1770 1213 India, & Syria, odorati nascuntur, quae simul contusa oliuarum oleo
74 1157 2050 1297 miscebantur, sic vnguentum suauissimum conficiebatur, quo Moses
79 1233 1770 1344 ipsos sacerdotes & tabernaculum illiniens purificauit. Autor Iosephus
76 1295 1777 1420 lib. III. Antiqu. At nostri ex oleo & opobalsamo, quod est (vt idem Pli
76 1346 1775 1467 nius lib. XII. tradit) balsami arbusculae succus, chrisma faciunt, quod
79 1423 1775 1546 Fabia. Pont. decretum tulit, vt quotannis renouaretur, in coena domi
79 1489 1760 1580 ni, vetus combureretur. Quidam qui de his rebus minus scite scribunt,
71 1533 1765 1661 hunc errorem non animaduertunt, arbitrantes balsamum succum es-
76 1597 1767 1725 se, non arborem, quod omnibus odoribus praefertur, vni terrarum Iu-
76 1656 1767 1789 daeae concessum. Lignum verò balsami xylobalsamum nuncupatur.
135 1735 1755 1853 Quòd autem episcopi baptizatos postmodum chrismate inungunt,
66 1770 1772 1898 id Clementis primi institutum est, qui iusserat infantes à baptismi sta-
66 1843 1755 1954 tim lauachro confirmatum iri, ratus non esse perfectum Christianum
69 1920 1770 2033 qui illud sacramentum per incuriam, non inuitus praetermisisset. Et
71 1962 1760 2082 hoc ea ratione, autore Rabano, fit, vt in eos per impositionem manus
76 2043 1765 2149 pontificis, spiritus sanctus infundatur vberius, quod ab Apostolis fie-
69 2107 1770 2200 ri coeptum, non vno in loco in actis testatur Luc. Sic quoque ab ijs-
69 2166 1772 2282 dem vsus vngendi periculose laborantes manauit, dicente euangeli-
66 2225 2006 2336 sta Marco, cum de discipulis loquitur: Egressi praedicabant, vt poeni-
69 2284 1770 2407 tentiam agerent, & daemonia multa eijciebant, & vngebant oleo mul
64 2353 1767 2454 tos aegros, & sanabant. Hinc igitur apparet natum, quòd hodie oleo
64 2405 1772 2530 non admisto opobalsamo animae ex morbo agentes vnguntur. Cuius
64 2461 2008 2589 rei meminit & Iacobus Apostolus, in epistola sua, Vnde quidam ma-
66 2528 1770 2641 lunt illum morem vngendi aegrotos manasse. Ea ratione postmodum
66 2582 1336 2720 Felix quartus mandauit, vt morientes vngerentur.
1809 379 2038 490 prs.104.b
1797 938 2035 1036 Chrisma.
1816 1237 2084 1301 Exo.40.b
1808 2305 2008 2337 Mar.6.c
1810 2578 1997 2626 Iaco.5.c
