2479 3508
389 268 631 355 I.Regum
389 345 511 428 10.2
381 901 635 1010 I.Petri.2.
363 2038 590 2162 ps.44.a
363 2489 550 2625 ps.109.
351 2702 608 2823 Gen.14.d
347 2860 467 2994 fa
1164 126 1825 268 DE INVENT. RERVM
665 221 2243 444 teste Rabano, Aaron, & filij eius primitus à Mose, postea Saul pri-
671 331 2243 501 mus Hebraorum rex à Samuele prophera vncti sunt, dicente Iosepho
665 400 2243 562 lib. Antiq.sexto: Dumque Saul puerum pramisisset, sumens prophe
661 458 2243 631 ta(de Samuele loquitur) vas olei, super iuuenis caput effudit eumque
669 535 2237 702 complexus ait:Esto tu rex constitutus à deo &c. Ita mos inoleuit, vt
661 596 2235 755 hoc deinde modo tam reges quàm sacerdotes consecrarentur, quibus
667 649 2233 811 propterea summa ab omnibus habebatur reuerentia, ceu proximiori-
659 722 2231 886 bus deo, dicente domino Psal. CIIII, Nolite tangere Christos meos,
661 791 2227 933 & in prophetis meis nolite malignari. Vocat Christos perunctos, hoc
663 870 2237 996 est reges, & sacerdotes. Petrus itidem hac de causa ad sacerdotes in-
675 927 2235 1063 quit: Vos autem genus electum, regale sacerdotium, gens sancta, po-
669 992 2235 1126 pulus qui in lucrum accessit. Docet & Cyprianus huius rei mysterium,
667 1051 2229 1195 inquiens: Hoc oleo antiquitus sacerdotes sacrabantur, & reges, & ipsi
659 1122 2229 1251 altarium lapides delibuti. Spiritualem intelligi volebant sacris myste-
655 1189 2229 1310 rijs inesse pinguedinem. Et sicut oleum fluentibus & humidis quibus-
661 1241 2231 1371 libet superfertur, ita excellentia sacerdotalis & regiae dignitatis secun-
661 1318 2229 1434 dum formam Dei & CHRISTI, sub se omnia continens regimen &
655 1381 2219 1503 munimen tam actiuae quàm contemplatiuae vitae obtinet. & reliqua.
657 1444 2227 1554 Manauit & ad posteros huiusmodi regum atque sacerdotum conse-
657 1507 2225 1633 crationis ratio, qui nunc apud nos, similiter sacro perunguntur Chrisma-
655 1562 2227 1692 te, & si longe alijs ceremonijs, prout ab ecclesia iam statutum est. Sic
659 1629 2223 1746 Christiani omnes cum baptizantur, sic aedes cum sacrantur, vnà cum
659 1704 2219 1821 calicibus, Chrismate liniuntur. Quod primitus diuus Syluester papa,
661 1763 2219 1880 teste Innocentio eius nominis tertio, in epistolis decretalibus fieri prae-
651 1821 2219 1933 scripsit. Sed iam ad CHRISTI vnctionem veniamus. Solet à studio-
655 1890 2215 1998 sis quaeri, quonam pacto IESVS fuerit vnctus, & à quo. Quam sane
651 1967 2213 2067 rem cum Euseb. in historia non minus verè quàm docte explicat, id-
649 2028 2223 2124 circo placuit eius verba ponere, vt rei plus fidei esset, quae haec sunt:
655 2093 2217 2188 Qualiter CHRISTVS effectus sit, Dauid testatur dicens: Dilexisti iu
651 2126 2219 2251 stitiam, & odisti iniquitatem, propterea vnxit te deus deus tuus oleo
649 2205 2209 2298 laetitiae, praeparticipibus tuis. Sic indicat, quòd vnctus sit deus à deo
647 2280 2217 2365 non oleo communi, sed oleo laetitiae, nec sicut participes sui, id est illi, qui
637 2328 2219 2434 in imagine praecesserant, sed prae participibus suis. Per oleum verò laetitia
637 2412 2215 2507 in sacris literis, mystico sensu spiritus sanctus designatur. Sed de pon-
641 2470 2213 2576 tificatu eius, idem Dauid alio in loco tale aliquid arcanis designat elo-
641 2548 2215 2616 quijs, tanquam ex persona patris de filio pronuntiantis. De ventre, in-
639 2610 2215 2694 quit, ante luciferum, genui te. Iurauit dominus, & non poenitebit eum,
633 2685 2215 2762 tu es sacerdos in aeternum, secundum ordinem Melchisedec. Hic au-
639 2742 2215 2817 tem Melchisedec sacerdos fuisse dei summi refertur, sed quia non oleo
637 2801 2209 2874 communi perunctus, neque ex successione generis susceperit sacerdo-
637 2860 2209 2965 tium, sicut apud Hebraeos mos erat, ideo secundum ordinem eius, sa-
633 2927 2215 3048 cerdos futurus dicitur CHRISTVS, qui non olei liquore, sed virtute
