2479 3508
606 95 1169 199 LIBER QVINTVS.
1599 109 1701 227 90
176 178 2029 349 gitur in Genesi) Noe primus omnium erexit, & super illud domino ho
173 275 1784 407 locaustum obtulit. Quod institutum etiam ecclesia seruat. Bonifacius
176 340 1782 469 vero tertius autor fuit, vt altaria candidis cooperirentur, ac lineis pan
324 400 1782 504 nis. Crux olim noxiorum supplicium erat, & id quidem infame, quod
166 467 1782 585 ideo saluator noster subire voluit, vt qui humilis aduenerat, & humi-
176 534 1782 640 libus & infirmis opem ferret, & in omnibus spem salutis ostenderet.
173 587 1777 705 Proinde (teste Lactantio) eo genere mortis afficiendus fuit, quo humi-
166 663 1784 765 les & infimi solent, ne quis esset omnino qui eum non posset imitari.
173 723 1782 844 Huic rei postea honor accessit. Eusebius libro ecclesiasticae historiae no
159 790 1782 911 no autor est Constantinum imperatorem eo die, quo cum Maxentio
164 853 1780 968 ad pontem Miluium conflixit, sereno puroque coelo crucem vidisse, eamque
164 913 1780 1019 adorasse, ac auditam superne vocem, Constantine in hoc signo vinces.
157 982 1791 1100 Non defuit oraculo euentus. Vicit cum hostem insigniter, tum caeteris
166 1047 1787 1144 quae deinceps bella gessit, par felicitas adfuit. Helena post haec eius ma
164 1105 1784 1218 ter religione insigni ac pietate mulier per quietem monita Hierosoly-
162 1174 1791 1273 mam petijt quaesitum dominicam crucem vnde humana salus pepen
166 1239 1789 1343 disset. Ita forte accidit, vt Veneris simulachrum eo esset loci ab impijs
164 1304 1782 1408 orthodoxae fidei persecutoribus collocatum, quo omne dominicae pas-
153 1364 1789 1479 sionis monimentum aboleretur, Christianique Venerem loco saluato-
155 1433 1789 1535 ris adorarent. Caeterum loco ruderibus purgato, crux reperta est, &
166 1498 1784 1599 cum illa duae aliae vnde duo pependerant latrones. Sed titulus ille, IE-
169 1569 1784 1671 SVS Nazarenus rex Iudaeorum, & si vetustate propémodum abolitus,
159 1629 1794 1733 indicio fuit vt crux vera agnosceretur, quae admota mulieri defunctae
164 1708 1798 1789 vitam illico restituit. His Constantinus princeps motus edicto vetuit
159 1782 1798 1867 quenquam deinceps eo supplicio necari. Sic res quae antea mortalibus
169 1842 1791 1914 probro fuerat, venerationi esse coepit. Idem postea voluit Theodosius
159 1911 1791 1978 seruari, qui (vt in codice iuris ciuilis extat) lege prohibuit, Signum sal-
153 1965 1803 2062 uatoris in solo vel in silice aut in marmore humi positis insculpi, ne sci
155 2032 1798 2110 licet hominum pedibus calcaretur. Vide quàm importunum sit vide-
157 2096 1803 2173 re passim hodie in templis signum illud, id est nomen ipsius saluato-
155 2168 1800 2242 ris in aes vel lapidibus, quibus mortuorum sepulchra teguntur incisum:
155 2230 1805 2304 item cruces ac diuorum imagines impressas, quae assiduis calcantium
164 2300 1803 2367 vestigijs obtrita late resplendent, quo scilicet sic nostram circa religio-
148 2364 1086 2461 nem testatiorem faciant negligentiam.
155 2434 1812 2600 De primo ac vetustissimo apud Hebraos sacrificandi titu. Et quae in
254 2559 1812 2658 primis festa seruarent, ac quòd nullum sine igne & sale sacrifi-
257 2626 573 2720 cium fiebat.
997 2658 1492 2695 Caput VII.
310 2676 1812 2771 Adam primus parens ex Eua duos suscepit filios, Cain & Abel.
319 2753 1814 2843 Pietatis hic cultor, contemptor ille: hic pastor, ille agricola fuit:
321 2822 1821 2910 hic mero lacte primitus litauit, ille frugum primitias deo ob-
148 2836 1821 3014 tulit. Secundum hac, sacerdotio instituto, Aaron cum filijs ac deinde
1823 249 2020 288 Gen.8.d
1847 2663 2055 2790 Gen. 4.a
