2479 3508
438 598 617 711 Oscilla
1238 122 1898 262 DE INVENT. RERVM
728 256 2303 390 lini consecrata, erectisque Diti sacello, & Saturno ara, illum humanis
728 325 2314 464 capitibus, hunc virorum victimis placare se existimabant, propter au-
719 373 2305 505 culum in quo erat, Et capita inferno, & patri transmittite lumen Sa-
717 445 2314 564 turni festum (vt quidam volunt) Saturnalia nominantes. Posthaec, fe-
717 499 2305 625 runt, Herculem cum Geryonis pecore, per Italiam redeuntem, suasis-
713 564 2307 684 se illorum posteris, vt faustis sacrificijs, infausta mutarent, offerentes
715 625 2301 738 Diti non hominum capita, sed oscilla ad humanam effigiem formata
709 686 2305 803 quasi parua ora, vt pars pro toto foret, & Saturni aras no mactatis vi-
703 751 2305 870 ris, sed accensis cereis excolentes, quia φῶτα non solum virum, sed etiam
698 812 2303 929 lumen significat. Inde ergo inualuit consuetudo, vt Saturnalibus, &
705 868 2301 980 cerei missitarentur, & sigilla, id est, oscilla, arte fictili fingerentur, ac ve-
701 944 2301 1042 nalia exponerentur, quae homines pro se, ac suis piaculis Diti & Satur-
692 992 2307 1107 no sacrificarent. Haec quodam modo nostra vaticinabantur sacra. Nam
698 1055 2297 1160 sic & nos eadem ex cera sigillaria, hoc est, imagunculas templis offeri-
690 1124 2295 1229 mus, & oscilla. Quoties enim pars aliqua corporis laesa fuerit, vtputa
684 1183 2299 1300 manus, pes, mamilla, statim vouemus deo, & eius sanctis, quibus mox
686 1250 2297 1351 recuperata sanitate, illam manum, illum pedem, illam mamillam ex
686 1321 2299 1412 cera formatam offerimus. Quae consuetudo sic tenuit hactenus, vt
680 1361 2284 1481 istiusmodi sigillaria ab hominibus, ad reliqua animalia transierint.
675 1435 2295 1531 Porrò sic pro boue, sic pro equo, sic pro oue, oscilla templis ponimus.
673 1502 2290 1594 In qua re quispiam verecunde scrupulosus fortassis dicet se planè ne-
671 1567 2290 1649 scire, an nos Priscorum religionem potius vel superstitionem aemule-
669 1634 2288 1714 mur. Hinc etiam consentaneum est fluxisse, quod nos quoque cereos
669 1680 2293 1779 offerimus, illisque accensis Coelicolas colimus, sicuti ad Saturni aras
663 1758 2286 1837 est factitatum. Quod praesertim in festo purificationis virginis obser-
657 1823 2288 1902 uatur, vt quasi ipsi cerei sint, apud nos loco agni anniculi, columba-
650 1886 2286 1961 rum, & turturum. Quae munera Moses constituit, à puerperis lustri-
648 1942 1332 2026 co die ad templum deferri. At vsus pensilium lychnorum, siue (vt
648 2009 2278 2081 Seruio placet) lychnorum, hoc est lampadum, quas vocant, à lucernis ve-
633 2079 2278 2144 nisse videtur, quas Moses in tabernaculo accensas seruari instituerat.
722 2142 2278 2213 Quod verò tabellas in templis affigimus, quibus miracula inscri-
638 2211 2278 2290 pta sunt, vt ea ad posteros testatiora sint, hoc ex Graecis est, apud
642 2269 2280 2353 quos teste Strabone libro Geog. VIII mos fuit, in templo eius dei qui
627 2347 2278 2425 auxiliatus esset, & praesertim AEsculapij, quod in ciuitate Epidauro,
615 2397 2280 2481 insigne extabat, tabellas appendere, in quibus morbi sanati erant inscri
617 2465 2282 2561 pti. Sic à Romanis mutuo sumptum est, vt & sacerdotes, & laici,
621 2527 2272 2605 diebus festis conuiuia non ternis aut senis ferculis, sed vicenis (si fieri
608 2605 2269 2691 possit) suis praebeant amicis. Quin etiam iam ita vsu venit, vt non censea-
600 2658 2272 2762 tur esse celebritas, nisi sit opiparo comitata conuiuio. Est & illud ab
600 2735 2272 2825 eisdem Ethnicis, quòd sacerdotes nostri cum primam celebrant missam,
594 2794 2272 2888 sacerdotes & amicos conuiuio accipiunt, eundemque diem non minus
585 2859 2274 2989 religiose quàm natalem colunt, ceu bene auspicantes sacerdotalem in-
