2479 3508
693 162 1286 299 LIBER QVINTVS.
98 279 1785 380 nere potest. Contra qui minima tantum huiusce notae suspicione labo
83 339 1787 439 rat eaque iure vel iniuria respergitur, quanuis mille praeterea praedi-
87 401 1785 522 tus animi dotibus, ille nequam, ille impius, ille criminosior, ille deni-
90 456 1785 580 que illaudatus habetur sacerdos. Quo factum est, vt non aliud crimen
94 520 1783 646 quamuis loge detestabilius, maiora inusserit sacerdotio stigmata. Qua
94 584 1781 708 propter non abs re Pius secundus dictitare solebat, Sacerdotibus ma
94 644 1779 768 gna ratione ademptum connubium, sed maiore quadam restituen-
83 702 1779 830 dum. Hinc iam denique apparet, quàm conducibile fuerit, nostros quon
87 763 1774 896 dam maiores legem admisisse coelibatus, quamque deinceps bono fue-
83 830 1768 945 rit vel nos ipsos qui eisdem maioribus nostris mundo quasi senescen-
81 889 1770 1021 te, multo indies sumus infirmiores, nouis quotidie obligare institutis,
98 951 1774 1066 quae ceu parum vtiliter introducta nostri paulo mox posteri sint forte
81 1013 1774 1141 magis egregie professuri, quàm aliqua ex parte rite seruaturi, quemad
81 1073 1768 1205 modum nos hodie veterum patrum sanctiones identidem iactamus,
81 1134 1770 1260 & illas quanuis sanctissimas abolescere facile sinimus. Sunt tamen in
83 1203 1772 1333 ecclesia sacerdotes, & doctores, qui possunt filios gignere, sicut & ille,
83 1258 1761 1382 qui dicebat, Filioli mei, quos iterum parturio, donec formetur CHRI-
83 1324 1761 1448 STVS in vobis. Et alibi, Tametsi multa milia paedagogorum habetis in
81 1380 1768 1516 CHRISTO, sed non multos patres. Nam in CHRISTO IESV, per
81 1444 1766 1576 Euangelium ego vos genui. Sic extra matrimonium, citra muliebrem
81 1510 1768 1642 complexum, fas est sacerdotibus operam dare liberis procreandis, quo-
75 1580 1403 1687 rum progenies sancta & immaculata perpetuo durat.
79 1665 1764 1828 Qua ratione ab initio inter mortales matrimonium fuerit contractum,
175 1772 1768 1881 & qui deinde cognationis gradus interdicti primitus fuerint
171 1828 1770 1934 apud Hebraeos ac Romanos, & nouissime apud nostros, illius
183 1900 1764 2005 etiam cognationis, quam spiritualem vocant. Et inibi quòd nul-
173 1949 1770 2058 li fas vnquam fuit, nisi vnam habere vxorem. Atque vnde mo-
177 2015 1416 2109 ris sit, quòd puerperae post partum purificantur.
612 2083 815 2164 Caput V.
252 2128 1766 2254 Ut supra de sacerdotali connubio est non incongrue explica-
247 2209 1768 2301 tum, sic hoc loco de reliquorum fidelium, déque contrahen-
252 2267 1768 2367 di modo apte disseretur, quo in ducendis vxoribus, pateat,
66 2327 1772 2429 ad quos vsque necessitudine coniunctos, ascendere liceat, quando-
73 2391 1772 2495 ve vxorum multitudo fuerit interdicta. Itaque iam inde à princi-
75 2452 1776 2546 pio orbis, coepere fratres & sorores sese inuicem matrimonio iun-
70 2514 1768 2614 gere cum non haberent remotiorem propinquitatem, qua cum co-
70 2582 1768 2670 pularentur. Vnde contigit, vt Adam vnus homo (sicut sanctae nar-
70 2636 1772 2734 rant literae) simul pater, simul socer esset, & Eua eius vxor versa vice
70 2698 1770 2800 vtrique liberorum sexui & mater & socrus. Tenuit aliquandiu haec
64 2749 1776 2866 apud Hebraeos coniugij ratio, donec paulatim charitas effecit, vt homi
58 2811 1770 2943 nes quibus esset vtilis atque honesta concordia, diuersarum necessitu-
1395 2909 1565 3000 m.iij:
1802 1299 2007 1414 Gal. 4.c
1789 1393 2060 1484 I. Cor. 4. c
