2479 3508
416 921 643 954 Iohan.14.b
414 986 554 1022 ibid.d
420 1052 511 1088 15.d
417 1119 518 1153 16.b
421 1316 648 1353 Matth.2.a
423 1701 644 1738 Iohan.7.b
419 1839 652 1874 Iohan.10.d
1096 117 1699 279 DE INVENT. RERVM
657 242 2140 398 nes, sed iam ad interpretamentum ipsorum verborum veniamus, Ita-
672 337 2146 460 que IESVS Hebraeum nomen (vt Hieronymus indicat) apud nos Sal-
661 393 2146 530 uatorem sonat. CHRISTVS ex mystico chrismate vnctus dicitur, quem
657 475 2137 588 Iudaei Messiam appellant. Idem dictus est Nazaraeus, id est sanctus,
661 523 2135 642 siue consecratus, vel à Nazareth ciuitate Galilaeae, in qua est genitus &
657 599 2146 702 nutritus. Item Emanuel quod Hebraeum est verbum, & sonat nobiscum
653 666 2146 778 deus. Rabbi, idem ac dominus, siue magister, vel praeceptor. Nam apud
659 718 2140 830 Hebraeos, à multitudine scientiarum, dicta est vox. Paracletus Graeca
661 800 2135 890 dictio, & significat aduocatum, doctorem, hortatorem, consolatorem.
672 856 2140 951 Sic Saluator pollicitus est mittere paracletum, hoc est spiritum verita-
661 916 2140 1014 tis, qui discipulos doceret. Et illud notissimum est, paracletum per e scri
668 977 2140 1078 bendum in penultima, eamque producendam. Pascha Hebraeum voca-
661 1046 2137 1139 bulum, non Graecum (prout Hieronymus affirmat,) & transitum desi-
666 1109 2140 1215 gnat, quod Iudaei tunc ex AEgypto in patriam remigrassent. Epipha
661 1174 2140 1266 nia Graecum verbum, apud nos, teste eodem Hieronymo, apparitionem
674 1238 2142 1327 vel ostensionem significat. Hoc ideo quia eo die Saluator stella prodi-
661 1303 2142 1390 tus est, & tricesimo deinde anno adhuc mundo ignotus cum venisset
661 1366 2131 1452 ad Iohannem, vt baptizaretur, cognitus est, intonante de coelo patre,
666 1426 2135 1519 Hic est filius meus, &c. Item Pentecoste Graece, quinquagenaria Lati
666 1511 2131 1589 ne dici potest, quòd vsque ad hanc solennitatem, à resurrectione domi-
661 1554 2135 1645 ni, intersint quinquaginta dies, vt mox fusius explicabitur. Scenope-
674 1638 2133 1718 gia vox composita dicta est à fingendis tabernaculis, quia in deserto
666 1684 2131 1783 sui maiores illis vsi essent, & erat festus dies. Nostri perperam addunt
400 1733 2135 1850 aspirationem. Item Encaenia festa initialia, hoc est dedicationis templi.
661 1807 2129 1895 Kyrie eleison verbum compositum, ex kyrie, quod significat domine,
666 1869 2142 1971 hoc est vocatiuum huius nominis kyrios, qui est dominus, & eleison,
666 1943 2146 2049 quod est miserere, id est imperatiuum huius verbi ἐλεῶ, quod est
661 1999 2135 2090 misereor. Alleluia duo itidem verba, & Hebraica, atque idem pollent
661 2064 2131 2172 ac laudate deum. Ia enim teste Hieronymo, ex decem nominibus, quibus
661 2127 2133 2217 apud Hebraeos, Deus vocitatur, vnum est. Antiphone Graecis vox re-
659 2185 2131 2291 ciproca, quod vicissim canatur. Homilia Graece, Latine dicitur sermo.
668 2252 2137 2354 Canon Graeca dictio, regulam significat. Osanna Hebraeo sermone perin
668 2315 2131 2418 de valet, atque apud nos, Odomine saluum fac. Sabbaoth Hebrai-
661 2373 2131 2483 ca quoque vox, & sonat idem, atque latinis: Dominus omnipotens, si-
661 2447 2135 2539 ue Dominus virtutum, aut exercituum. Eucharistia Graecis bonam gra-
657 2511 2137 2602 tiam significat, sicuti Euangelium, bonum nuntium. Paradisus Graia voce, po-
657 2559 2129 2654 marium, hoc est hortus consitus pomis. Parabola Graece, dicitur latine si-
659 2628 2135 2725 militudo. Symbolum, collationem significat, quia Apostoli in vnum contule
657 2691 2131 2797 runt, quod vnusquisque de deo sensit. Petrus graecis significat saxum, velut
661 2749 2135 2861 Cephas Syro sermone, quod super illud hoc est super fidem tanquam soli-
653 2807 2133 2922 dum fundamentum ab eo totius ecclesiae persona testificatam dei ecclesia
657 2881 2133 2993 sit aedificata. Phylacterium Graeca dictio, Latine conseruatorium dicitur,
