2479 3508
794 101 1293 250 LIBER QVINTVS.
1637 161 1725 252 95
318 226 1779 346 Petrum, qui vel primus omniun vt Apostolorum princeps, vel vnà cum
323 290 1777 409 alijs Apostolis rem diuinam eo ritu quem à CHRISTO accepisset, iden-
314 361 1768 482 tidem fecerat post consecrationem continuo inferre solitum orationem do
316 419 1762 553 minica. Auxit inde haec mysteria Iacobus Hierosolymitanus antistes,
314 484 1764 607 auxit Basilus, aliique alia subinde instituere. Coelestinus missae introitum,
323 551 1777 658 cuius initium est psalmus, Iudica me deus. Damasus confessionem, quae
316 637 1770 729 fit à sacerdote prius quàm altare conscendat: quidam tamen Pontiano
316 675 1770 785 assignant. Gregorius antiphonam, quae introitum sequitur: & ob id vul-
318 738 1770 863 go eodem nomine nuncupatur: item vt nouies Kyrie diceretur, & anti
316 792 1770 929 phona post epistolam, euangelium & communionem. Telephorus hymnum,
316 854 1773 990 Gloria in excelsis deo. Gelasius primus collationes, quas orationes vo-
314 927 1773 1035 cant. Epistolam & Euangelium Hieronymus. Et cum id legeretur, vt cuncti qui
314 981 1768 1112 sacris interessent, curui ac venerabundi starent ceu expeditiores ad euan-
321 1048 1777 1166 gelicum dogma defendendum, Anastasius primum constituit. Alleluia
312 1132 1781 1243 ex Hierosolymitana ecclesia translatitium est. Symboli decantatio, in Ni
308 1175 1775 1310 ceno conuentu instituta. Fuit exin Marci pontificis primi decretum, vt
314 1233 1777 1357 festis diebus post Euangelium clerus symbolum decantaret: ac idem enun
308 1299 1777 1437 tiaret populus, qui sacrorum causa adesset: ad eum quidem modum, quo
308 1368 1781 1502 iam antea Niceno conuentu fuerat declaratum. Innouauit & id insti-
312 1424 1773 1560 tutum postea Damasus. Antiphonam quam tractum vulgo appellant,
314 1493 1781 1618 & hymnos Gelasius composuit: ac praefationes quae canonem praece-
312 1558 1786 1687 dunt, cantu quidem & sermone eleganti dictauit: quae (vt testatur Pe-
308 1601 1783 1751 lagius) nouem numero sunt. Decimam in honorem deiparae virginis Vr
314 1672 1783 1814 banus addidit. Quòd thus adoletur ad altare, id prius fecit Aaron,
312 1745 2042 1895 dicente domino ad Mosen: Pones altare contra velum, & adolebit incen
312 1801 1788 1945 sum super eo Aaron suaue fragrans, sicut in Exodo extat. Deinde apud
312 1867 1786 2003 nos Leo tertius illud idem fieri sanxit. Id quod etiam ab ethnicis serua-
314 1917 1786 2070 batur. Hinc Vergilius in primo Aeneidos de Venere ait: Vbi templum
308 1986 1095 2097 illi, centumque Sabaeo Thure calent arae. Vsus lauandi manus ex veteri
312 2050 1790 2196 quoque testamento esse videtur, quod Iudaei non rem modo diuinam, sed
308 2108 1790 2255 conuiuium etiam à lotione manuum auspicari consueuisse dicuntur:
314 2188 1788 2323 quippe qui nefas ducebant edere panem manibus illotis. Cuius rei cri-
312 2248 2029 2386 men discipulis domini adscribebant. Vel à gentilibus sumptum est, apud
314 2313 1790 2442 quos (teste Hesiodo) vetitum erat, ne quis mane Ioui vinum libaret ma-
312 2373 1792 2517 nibus illotis, ne sacrorum puritas macularetur, qui & conuiuia lotis prius
301 2429 1792 2577 manibus inibant: dicente Vergilio, Iam pater Aeneas etiam Troiana iu-
312 2485 1786 2631 ventus Conueniunt, stratoque super discumbitur ostro, Dant famuli ma-
301 2564 1794 2693 mous lymphas. In praefationibus, vt Sanctus, sanctus, sanctus, domi¬
301 2625 1788 2762 nus deus sabbaoth, cantaretur, Sixtus primiter statuit: quod ab Esaia
305 2691 1798 2829 Propheta mutuo sumptum est. Canonis partem, Te igitur, quae dein
305 2747 1807 2898 initium esse coepit, Gelasius dedit: sicuti ante eum Syricius Communican-
301 2792 1801 3005 tes, quod nunc tertio loco ponitur. Ex quo apparet, ipsum canonem neque
1478 2936 1618 3046 n.iij.
1816 1835 2048 1881 Exod.30. a
1820 2372 2036 2409 Matt.15.a
1814 2655 1988 2771 Esa.6.b
