2479 3508
1776 227 1867 291 81
302 312 1844 396 POLYDORI VERGILII VRBINATIS, DE INVEN-
387 348 1605 464 TORIBVS RERVM LIBER QVINTVS.
109 427 1849 582 Unde nostris consuetudo sit festis diebus exornare templa aulaeis va
182 543 1842 623 riisque arborum frondibus, floribusve, ac in illis offerre cereas ima-
184 616 1842 687 gines, & cereos, item accendere lychnos pensiles, quos lampades
184 646 1844 734 vocant, tabellasque ponere, quibus miracula à diuis facta reprae-
180 707 1851 832 sentantur, item exhibere festis diebus conuiuia populis, cum quis
173 764 1337 864 praesertim sacerdos primam celebrat missam.
1517 791 1801 875 Caput I.
407 828 1846 923 Superiore volumine quo denique pacto Christiana reli-
400 896 1853 1000 gio propagata fuerit inter mortales, & de initio sacerdo
398 962 1849 1053 tij apud Hebraeos & Romanos, ac nouissime apud nos,
398 1014 1855 1116 & illud in quot officiorum gradus abiuerit, abunde edo
396 1071 1851 1166 cuimus. Nunc autem peregrinos ritus ab ethnicis acce-
105 1126 1853 1232 ntos atque reliqua persequemur, quae nostri iam suscepti sunt mune-
98 1185 1853 1298 ris. Cum igitur multa ab Hebraeis & non pauca ab Romanis caeterisque
93 1244 1851 1357 ethnicis ad nos instituta manauerint, poscit locus, vt obiter ea perin-
93 1328 1860 1403 de memoremus, quae ab his acceperimus, atque minime conuenit si-
98 1389 1862 1467 lentio praeterire, quae ab illis simus mutuati, cum praesertim illa ipsa
91 1453 1855 1528 meliora fecerimus, meliorive vsui adhibuerimus. Sunt itaque multi ri
93 1489 1855 1594 tus propè germani, ex quibus, & hic est. Porrò apud nos, festis diebus
86 1560 1871 1662 templa & domus nuptiales aulaeis exornantur, lauro, hedera aliisque
86 1614 1864 1724 festis frondibus vestiuntur fores, ac vestibula coronantur, spargunturque
91 1689 1864 1764 floribus. Quae hercle omnia ipsi gentiles antea seruabant, dicete Ver-
95 1760 1874 1824 gilio: Nos delubra deûm miseri quibus vltimus esset Ille dies, festa ve-
89 1794 1874 1894 lamus fronde per vrbem. Et alibi: Et varijs florentia limina sertis. Item
86 1878 1871 1946 Iuuenalis testatur: Postibus & densos per limina necte corymbos. Lau
82 1944 1878 2024 ros quoque adhiberi solitas causa gaudiorum, & festiuitatis, indicat cum
89 1999 1878 2087 ait, Pone domi lauros, dux in capitolia magnum Certatumque bouem.
89 2055 1885 2140 Tradit idem Tertullianus. Quid quod Martinus primus Romanus
89 2126 1883 2206 pontifex haec eadem quae in canonicis decretis Cau. XXVI. q. VII. scri-
86 2187 1883 2253 pta leges, & testatur, & vetat, inquiens, Non licet iniquas obseruatio-
80 2253 1887 2344 nes agere calendarum, & otijs vacare, neque lauro aut viriditate arborum
86 2310 1630 2392 cingere domos. Omnis enim haec obseruatio Paganorum est. Con-
82 2360 1892 2451 similiter ritus offerendi cereas imagines, ab ipsis gentilibus est profe-
80 2428 1899 2510 ctus. Cum enim Pelasgi, teste Dionysio Halic. quem etiam alibi super
77 2485 1899 2578 hac recitauimus, sedibus pulsi. Dodonam peruenissent, ibi accepto respon-
77 2553 1896 2647 so, quo admoniti sunt, vt Siculorum continentem terram quaererent:
80 2608 1899 2694 In Latium demum post multos errores, venientes in lacu Cantuliensi
80 2688 1901 2776 enatam deprehenderunt insulam. Hoc igitur quasi omine suscepto, has
80 2731 1908 2840 sibi praedictas esse sedes didicerunt, pulsisque inde Siciliensibus inco-
80 2799 1908 2908 lis, regionem ipsi tenuerunt, decima praedae secundum responsum, Apol-
