2479 3508
672 70 1269 213 LIBER QVINTVS
1672 133 1782 220 88
89 176 1785 333 temporibus qui se aliqua necessitudine attigissent, vxores non duce-
89 259 1789 391 bant, quemadmodum nec nunc quidem sorores. Sed non ita pridem fa
87 324 1780 456 ctum, vt neptes vxores ducere permitterent. Vir quidam sanè pau-
91 393 1774 528 per, caeterum bonus & cum primis popularibus acceptus, cum ne-
91 452 1780 591 ptem, cui dos ampla esset relicta, in matrimonium accepisset, locu-
91 522 1780 652 plex ex eo & copiosus factus est, eius rei accusatus, iudicio multitudi-
83 585 1780 698 nis absolutus est. Plebiscitum deinde factum, vt in ducendis vxoribus
89 654 1782 765 ad neptes vsque ascendere liceret, superiore necessitudine prohibita.
83 711 1767 828 Haec ille. Atqui nostris quorum iustitia iuxta praeceptum CHRISTI,
83 778 1772 902 plus quàm pharisaeorum nedum gentilium, abundare semper debuit,
87 843 1772 956 modus contrahendi matrimonij, multo conducibilior honestiorque
78 909 1765 1028 est datus quo per mulieres & honore & potestate augerentur, si mul-
74 974 1772 1087 tos habere viderentur affines, quove ne barbarico more singuli plu-
80 1046 1776 1152 res ductarent vxores: aut nulla habita propinquitatis ratione, cum
76 1104 1765 1215 quibusvis mulieribus sese matrimonio iungerent, néve libidine for-
74 1167 1774 1289 te flagrantes puellas spe connubij, ad stuprum illectas violarent: ac
76 1235 1767 1348 mox voti compotes cum remotis arbitris fidem dedissent, eas voti im-
74 1300 1772 1413 potes reddere volentes pacto stare (quod saepe fit) negarent. Itaque
87 1367 1769 1474 primo Apostolus vxorum multitudine interdixit ad Corinthios scri-
72 1452 1767 1539 bens: Attamen propter fornicationem (subaudias vitandam) vnus-
72 1500 1767 1609 quisque suam habeat vxorem, & vnaquaeque virum suum habeat.
74 1580 1772 1656 Secundo deinde loco Fabianus (teste Gratiano) praeter illos duos gra-
70 1632 1776 1737 dus, primum scilicet & secundum per Mosen prohibitos, primiter
76 1709 1767 1787 tertio & quarto nostris interdixit, quo deinceps nemini fas esset, mu-
72 1782 1776 1861 lierem affinitate coniunctam citra quintam sobolem vinculo sibi con
65 1843 1776 1917 iugali adsociare: propterea quòd est nescio quid naturalis verecundiae
67 1915 1776 1978 nobis innatum, quo facile abhorreamus, ab eiusmodi propinquorum
63 1972 1774 2043 commistione. At Iulius deinde vt populo Christiano arctiores paula-
65 2035 1776 2124 tim morum limites poneret, prohibuit, ne vsque ad septimum gradum
63 2106 1774 2187 matrimonia contraherent. Quod & diuus Gregorius comprobauit,
63 2163 1778 2243 qui &si Anglis, vtpote id temporis fidei candidatis, non negauit citra
63 2232 1782 2304 quintum vel sextum gradum, connubia, prout in canonicis decretis
63 2298 1785 2372 late patet. Ad postremum verò cum istiusmodi patrum seueritas effi
57 2363 1776 2472 ceret, vt in sua iam quisque ciuitate minus connubium sibi inueniret,
59 2428 1780 2528 cogereturque per hoc aut à finitimis petere, aut illis dare, vnde haere-
59 2493 1785 2604 ditas saepenumero distrahebatur, placuit Innocentio tertio Christiani
57 2561 1789 2676 populi commodo tempestiuiter prouidere. Is enim Fabiani decretum
54 2624 1785 2745 iampridem antiquatum reuocans statuit: vt cunctis dein perpetuo li-
48 2695 1789 2808 ceret, eas habere vxores, quae neque cognationis, neque affinitatis pri-
46 2758 1789 2876 mo, altero, tertio & quarto gradibus essent coniunctae viris, id quod ho
50 2822 1800 2956 die rite seruatur. Extat placitum hoc in libro decretalium epistolarum
50 2898 1796 3032 quarto, eo capite, cuius principium est: Non debet. Est etiam modus
1339 2965 1528 3085 m. iij.
1789 730 2072 854 Matth. 5.c
1787 1428 2043 1552 I. Cor. 7.2
