2479 3508
671 91 1251 193 LIBER QVINTVS.
1702 121 1794 235 83
148 169 1821 320 Nos autem dei benignitate, ac prouidentia liberi ferè omnes ac fratres
146 254 1827 377 in CHRISTO vniusque ciuitatis dei ciues sumus, ac propterea quos
150 320 1817 451 habemus domi ministros, serui appellandi non sunt, nedum habendi, quod
167 383 1815 515 permulti impudenter faciunt. Atque hoc libertatis munus, vni Christianae
150 449 843 567 religioni duntaxat debemus. Post hunc, alius paris propè lasciviae
152 510 1808 648 ludus ad nos transit. Nam vt illi in Quinquatrijs minoribus & Mega-
144 578 1813 705 lensibus, personati per vrbem, ludendo incedebant, ita nostri morem in-
150 654 1815 756 duendi personas no vno vel altero die, nec sacrorum causa, sed turpi in-
150 711 1806 853 saniendi studio, duos continuos menses ante quadragesimae initium, in-
142 773 1806 900 decoriter seruant, sub quibus inueterata iam lasciuiendi licentia, mi-
142 836 1813 972 lia flagitiorum cotidie perpetrant. Atqui & illud impune faciunt, per-
140 902 1813 1040 inde quasi eo modo cuique liceat esse scelerato, nihilve maleficij creda-
138 983 1813 1093 tur committi, si vera hominis facies non videatur, perinde ac non patea-
142 1033 1810 1173 mus etiam deo, quem nemo ambigit, fandi atque nefandi iustum esse
142 1095 1813 1220 iudice, qui & improbos poena, & probos praemio semper afficiat. Vna
144 1167 1810 1304 omnium prouinciarum Anglia eiusmodi personatas belluas hactenus
138 1224 1808 1362 non vidit, nec quidem vult videre, quando apud Anglos, in re hac prae
146 1294 1806 1434 alis certe sapientiores, deliramentum istud lege vetitum est. Et quia sub
142 1357 1813 1486 idem tempus, illud ieiunium quadraginta sex dierum nobis anniuer
142 1421 1806 1565 sarium indicitur, ideo quotannis cuncti vbique gentium in nostro Chri
144 1486 1815 1622 stiano orbe studiosius solito ganeatis vescuntur cibis, & non parum multi
144 1556 1808 1671 quibus praecipua ventris cura est, ad vomitum saturantur, quasi exple-
146 1643 1810 1755 turi futuram esuritionem, cum tamen eorum etiam gulosa postmodum
138 1688 1808 1817 futura sit abstinentia. Quippe quamuis ab esu panis & carnium tem-
142 1772 1810 1870 perent, bellarijs se farciunt, & azymum panem pro fermentato deuo-
142 1836 1808 1950 rantes, de ieiunio gloriantur. Sic peccata vndique consarcinant, ne ad-
140 1880 1804 2014 uentante Paschate, vacui aut frustra ad suos sacerdotes adeant, à qui-
131 1946 1815 2077 bus per confessionem maleficiorum onere leuandi sunt. Et haec omnia
138 2022 1520 2128 ex Romanorum bacchanalibus ad nos fluxisse dixerim.
144 2141 1810 2270 Vnde fluxerit mos vngendi sacerdotes, & Reges, & de vnctione CHRI
212 2217 1815 2336 STI, & ex qua materia Chrisma primitus fieret apud Hebraeos,
212 2274 1819 2389 & vnde natum, quòd baptizati confirmantur, id est, ab episcopis
214 2353 1806 2473 Chrismate illiniuntur, & morbo periculose laborantes vnguntur,
726 2429 968 2520 CAPVT III
326 2482 1819 2588 Cum Moses tabernaculum aedificaret, fuit illi à deo praeceptum
324 2549 1813 2660 vt sacrum conficeret vnguentum, quo ipsum opus vnà cum
320 2632 1806 2732 vasis, ac simul sacerdotes, & reges perungi possent, qui voca-
133 2660 1827 2795 rentur ad sacerdotium vel regnum. Quo facto, vsus inde obtinuit, vt
138 2742 1817 2857 quemadmodum olim Romanis imperatoribus indumentum purpu-
131 2823 1825 2929 rae insigne fuit regiae dignitatis assumptae, sit Hebraeis vnctio sacri vn-
131 2880 1832 3005 guenti nomen ac potestatem regiam conferret. Autor Lactant. Vnde
1838 2509 2094 2615 Exod.30.c
1838 2579 1984 2691 37.d
