2479 3508
1167 148 1859 332 DE INVENT. RERVM
650 282 2249 488 in domibus praeparare, & per vicos & plateas, cantatores & choreas
654 372 2257 554 ducere praesumpserit, anathema sit. Scriptum leges hoc placito in de-
656 442 2253 612 cretis cano. Cau. quam supra in consimilem rem adduximus. Verum
656 500 2263 672 quàm belle seruetur, ex eo licet existimare, quòd nunc nulla alia de cau
658 566 2257 736 sa sit gratior festus dies iuuentuti, quàm vt otium sit ad choreas ducen-
664 628 1543 724 das. Et id cum primis apud Italos. Solemus insuper more Genti-
660 688 2253 853 lium spectacula aedere populo, vtputa ludos, venationes, palaestras cur-
654 758 2249 919 sus hastarum, equorumque, ad metam è carceribus, recitare comoedias.
660 821 2249 985 Item in templis vitas diuorum ac martyria repraesentare, in quibus ut
656 905 2257 1035 cunctis par sit voluptas, qui recitant, vernaculum linguae idioma tan-
654 943 2249 1109 tum vsurpant. Sic olim apud Romanos in primis, in theatris poetarum
654 1005 2259 1163 recitabantur poemata. In amphitheatris bestiarum, gladiatorumve lu-
662 1085 2247 1233 dicra fiebant, variique per vibem ludi celebrabantur, quibus plebe
668 1155 2249 1291 oblectaretur. Est item consuetudinis, vt iuuentus promiscui sexus
656 1207 2251 1353 laetabunda cal. Maij exeat in agros, & cantillans inde virides reportet
658 1295 2247 1413 arborum ramos, eosque ante domorum fores ponat, & denique vnus-
662 1351 2241 1481 quisque eo die aliquid viridis ramusculi vel herbae ferat: quod non fe-
656 1411 2243 1533 cisse poena est, praesertim apud Italos, vt madefiat. Haec vel à Roma-
652 1463 2245 1597 nis mutuo sumpta videntur, apud quos, sic Flora cunctorum fructuum
656 1541 2239 1657 dea mense Maio, lasciue colebatur, sicut supra diximus. vel ab Athe-
646 1609 2239 1729 niensibus sunt, quod illi infamè, templo Delphico, ἐιρεσϊὼνημ, id est,
650 1655 2243 1775 iresionem ponebant, hoc est, ramum oliuae siue lauri plenum varijs fru-
648 1713 2243 1839 ctibus. Autor Herodotus. Sic nos tunc eo anni tempore viridante om
646 1811 2237 1895 nia, quasi per hunc modum, fructuum vbertatem ominamur, ac bene
658 1869 2241 1961 precamur. Item in Vmbria praesertim insigni regione Italiae, vnde
642 1921 2241 2037 nos oriundi sumus, consuetudo est, vt quotannis ea nocte quae primum
648 1993 2241 2101 diem mensis Martij praecedit, crebros passim faciant ignes, & pueri fa
642 2061 2237 2141 cibus, quae ex arundinibus iam aridis plurimum fiunt, accensis, per ar
646 2123 2235 2217 ua currant, ceu precantes fructuum vbertatem, tum terra iam foetum
652 2191 2241 2277 parturiente. Quod acceptum dixerim ab ipsis quoque Romanis, qui
648 2261 2229 2335 quasi per manus talia nobis sacra seu celebritates vel obseruationes
638 2325 2231 2408 tradiderunt. Illi enim (vt antea ostendimus) Ceralia festa, Cereri sacia
638 2379 2231 2476 colentes cum facibus noctu currebant, quòd Ceres ipsa gerendis fru-
646 2440 2229 2516 ctibus (prout Ciceroni placet, & nos alibi docuimus) quasi Geres no-
640 2490 2239 2600 minata sit. Et est illud ab ijsdem ad posteros profectum, quòd nunc
656 2570 2225 2650 per dominica natalitia, nostri serui, id est ministri libertatem in domi
642 2628 2231 2728 nos retinent, atque vnus eorum dominus creatur, cui cuncti familia-
634 2686 2235 2792 res simul lasciuientes pareant, vna cum ipsis dominis, hoc est patribus-
640 2754 2227 2856 familias. Siquidem hanc libertatem serui apud Romanos vti in Iusti-
636 2812 2225 2910 ni Epithomate extat) Saturnalibus habebant. Institutum hoc apud An
636 2868 2227 2978 glos praecipue custoditur. Sed aliud fuit olim apud gentes seruoru
630 2936 2219 3040 nomen, quod bellorum leges attulerant, vbi capti essent. Nos autem
