2479 3508
334 1621 603 1723 Leui.19.a
328 1702 469 1804 20.b
332 1961 589 2065 I.Cor.7.a
1089 163 1788 251 DE INVENT. RERVM
597 267 2234 418 cere :  sin illa superstes foret, tum vidua perpetuo secundos non con-
603 338 2230 477 minaret hymenaeos. Sic virgines nubebant, spem & votum vxoris se-
608 400 2239 538 mel transigentes, & accipiebant vnum maritum, & maritus vnam uxo-
608 477 2239 614 rem, quomodo vnum corpus, vnamque vitam, ne vlla cogitatio vltra,
603 542 2237 663 ne longior cupiditas, ne tanquam maritum vel vxorem sed tanquam
608 597 2243 736 matrimonium simul amarent. Graeci huiusmodi nuptiarum morem
612 673 2237 791 hodie retinent. Nam cum olim teste Gratiano, distinctione trigesima-
618 744 2234 858 prima, habita Niceae synodo, quae prima fuit, quam terra vidit Grae-
610 807 2234 911 cia, agitatum esset, vt sacerdotes, diaconi, & subdiaconi, se cum vxori-
610 860 2230 987 bus non amplius commiscerent, reclamante in primis Pannutio praesu
612 936 2234 1062 le ex AEgypti partibus, viro sancto ac coelibi, qui iam tum (vt ex histo
612 997 2241 1101 ria Ruffini constat) miraculis clarebat, illud non aliud esset quàm prae-
616 1076 2241 1172 bere cum viris, tum mulieribus praeuaricandi occasionem, vnicuique
624 1129 2228 1225 postremo data fuit facultas, vtrum mallet sequendi. Ita sacris initiati
618 1201 2234 1295 matrimonium continuarunt. Post haec sextus conuentus qui nouissi-
620 1260 2234 1374 mus & celebratissimus fuit, orientali ecclesiae autore eodem Gratiano,
630 1317 2230 1419 viuendi regulam praescripsit, ac permisit sacerdotes, diaconos atque
620 1390 2234 1478 subdiaconos vxores habere, quas prius quàm sacris initiarentur ordi-
620 1450 2239 1558 nibus, duxissent. Verum quemadmodum decet, vt sacerdos segreget
624 1517 2228 1604 se ab omni pollutione peccati, qui semotus intra templum, vsibus sa
630 1582 2234 1682 cerdotalibus, ac dei ministerio vacet, cum praesertim est sacrificaturus,
636 1645 2241 1733 quo die & nocte meditetur in lege domini, qui ait: Sancti estote, quia
626 1715 2239 1800 & ego sanctus sum dominus deus vester: ita pari ratione, in eadem
616 1764 2237 1867 synodo decretum fuit, vt sacerdotes cum diaconis, & subdiaconis, rem
626 1843 2230 1910 diuinam vicissim facerent, seque vnumquenque suae vicis tempore,
620 1904 2239 1982 ab vxoris congressu separarent. Quod ab Hebraeis mutuo sumptum
632 1967 2241 2047 constat, id etiam quod Apostolus praecepit, dicens: Ne fraudetis vos
626 2033 2245 2116 inuicem, nisi si quid ex consensu, pro tempore, vt vacetis ieiunio, &
626 2092 2241 2167 orationi, & rursum ad id ipsum conueniatis. & caetera. Quin & Gen-
626 2161 2237 2247 tiles religionis causa, à foeminae complexu secubare solebant, in sacris
632 2226 2247 2312 praesertim Cerealibus, testis est Ouid. At occidentalibus paulatim
630 2285 2243 2365 est connubium abrogatum. Syricius enim primus sacerdotibus & dia
620 2353 2249 2426 conis (vt refert Gratianus distinctione octogesimasecunda) coniugio
626 2420 2241 2487 interdixit, qui circiter annum salutis humanae, trecentesimum octoge
624 2479 2243 2555 simum octauum, sedere coepit. Idem teste Platina, instituit, vt quicun
630 2540 2239 2622 que, aut viduam aut secundam duxisset vxorem, ab officio ecclesiasti-
620 2606 2241 2689 co pelleretur. Sic per hoc voluit, vt deinceps digamus ad officium sa-
620 2665 2241 2777 cerdotis non admitteretur (prout suprà memorauimus) Pelagius se-
616 2734 2249 2834 cundus deinde testificante eodem Gratiano, statuit, vt subdiaconi vel
624 2813 2245 2895 vxores à se separarent, vel illis contenti sacerdotium possessione cede-
616 2856 2249 2942 rent, & cum neutrum admisissent iussit, vt omnino vxores omitterent.
626 2926 2247 3023 Verum id decretum Gregorius qui Pelagio suffectus est, iniquum cen
