2479 3508
450 1851 687 1964 Leui.12.a
1116 171 1760 273 DE INVENT.RERVM.
739 256 2264 467 inter cognatione quam dicunt spiritualem, copulatos positus a Theo-
743 327 2268 537 dato pontifice, qui primus sanxit, ne quis eam puellam duceret uxo-
739 391 2266 593 rem, qua ex baptismi fonte leuasset pater. Est & ex quada honesta-
739 473 2264 654 te à Gregorio, & post eum ab Alexandro tertio statutum, ne sponsam
737 535 2262 719 fratris relictam frater in matrimonio haberet, ne Hebraeorum videre-
739 594 2266 783 tur imitatio: apud quos, vt frater fratris vxorem duceret, soboli susci-
748 671 2257 839 piendae causa, fas erat. Item Euaristus primus decretum tulit, vt ince
739 735 2270 920 stum haberetur connubium, cui sacerdos non adesset, benediceretque il-
731 773 2257 966 li : ac nisi puella à parentibus solenni more viro desponderetur. Platina
743 860 2270 1027 ad Sotetem id institutum refert, dicens: Instituit item ne legitima ha-
743 912 2264 1097 beretur vxor, nisi cui sacerdos ex instituto benedixisset: & quam paren-
737 993 2266 1150 tes solenni pompa more Christiano marito collocassent, quam para-
739 1060 2260 1220 nymphi etiam de more custodiuissent. Hoc autem constituit multa pe-
731 1102 2258 1275 ricula reijciens, quae in nouas nuptas cadere solent, ex praestigis & ma
741 1172 2270 1341 gicis artibus quorundam improborum. Hactenus Platina. Qui cum di-
741 1262 2258 1400 cat Soterem ex instituto mandasse, vt sacerdos benediceret nuptiis, vi-
737 1318 2255 1468 detur innuere illud iam antea fuisse institutum, ac per hoc planè Eua-
733 1383 2258 1527 risto assignare, qui ante Soterem sedit: quod & Gratianus sentit. Talia
737 1418 2255 1585 Ethnici quoque seruabant, vel Apuleio teste, qui in sexto Asini libro
731 1477 2262 1649 inducit Venerem argumentantem, non videri legitimas inter Cupidi
731 1545 2255 1710 nem & Psychen nuptias, ob disparilitatem, & quòd res acta esset fur-
725 1622 2251 1776 tim, sine testibus, patre non cognoscente. Vnde merito iam pudeat
733 1697 2260 1833 Christiani nominis viros, qui posthabitis tam nostris quàm priscorum
721 1751 2251 1897 legibus, clandestina cottidie matrimonij foedera ineunt: quae propterea,
727 1814 1651 1924 nihil mirentur, si minus sibi prosperentur. Quod puerperae purifican-
725 1889 2253 2022 tur, hoc ab Hebraeis est mutuo acceptum. In Leuitico enim scriptum
721 1941 2255 2078 legimus: Si mulier suscepto semine pepererit masculum, immunda erit
716 2014 2255 2149 septem diebus: & die octauo circuncidetur infantulus: ipsa verò trigin-
716 2070 2253 2208 tatribus diebus manebit in sanguine purificationis suae. Sin foeminam
725 2145 2249 2276 pepererit, immunda erit duabus hebdomadis, & sexagintasex diebus
716 2195 2255 2345 manebit in sanguine purificationis suae. Cum expleti fuerint dies lu-
704 2274 2247 2410 strationis eius pro filio, siue pro filia, deferet agnum anniculum in ho
704 2330 2251 2457 locaustum, & pullum columbae siue turturem pro peccato. & reliqua.
712 2393 2239 2541 Caeterum apud nos non est eiusmodi lustrationi statutum tempus, ne
708 2451 2241 2578 mulieribus diutius expectando (vt Innocentius ait) poena qua parien-
706 2520 2249 2649 do afficiuntur, conuerti videatur in culpam. Solent tamen hodie ho-
698 2580 2243 2724 nestatis causa non ante mensem à partu exactum purificari, quae tunc
698 2659 2237 2822 matronis aliquot comitatae templum adeunt, & loco agni, columbae,
700 2720 1414 2859 vel turturis, cereum offerunt.
