2479 3508
636 115 1205 235 LIBER QVINTVS.
1630 180 1731 255 93
200 209 1825 377 fex autor extiterit, vt huiusmodi lustralis aqua sacraretur, & ad daemo
196 304 1241 433 nes effugandos in templo domique haberetur.
223 391 1816 555 Qui primus docuerit modum orandi, & cur in orientem versi adore-
261 504 1816 626 mus, & quae praecepta diuinae legis in primis seruanda sint à Chri
255 593 1816 678 stiano, ac vnde mos concionandi de ipsa lege ad populum. Et quis
261 626 1808 757 primus instituerit sacramentum Eucharistiae, & ostenderit verum sa-
257 697 1810 812 crificandi ritum. Et quis primus consecraturus aquam vino miscue-
259 763 1806 887 rit, fierique oblationem ex azymo pane mandauerit, Et quare ma-
251 830 1138 938 ne, non vesperi apud nos sacrificetur.
1318 863 1503 956 Caput IX.
352 921 1798 1021 Proximum est, vt vel de nostrarum ceremoniarum ratione disse-
354 982 1800 1096 ramus: quae non animalium cruorem, non hominum caedem, sed
350 1045 1802 1146 synceram fidem purámque mentem poscunt. Et quia deus ea
198 1087 1794 1213 potissimum de causa (vti suprà teste Lactantio enarrauimus) nos fecit, vt
194 1154 1784 1284 statim geniti illum coleremus, illi seruiremus: ideo à perfecto orandi mo-
190 1221 1790 1343 do auspicabimur. Duo sunt (eodem Lactantio testificante) quae deo à no
190 1304 1800 1420 bis offerri debeant, donum & sacrificium: donum in perpetuum, sacrificium
192 1351 1794 1478 ad tempus: de hoc paulo post. Donum est integritas animi. Si enim deus
184 1411 1790 1555 non videtur, his rebus coli debet, quae non videntur, cuiusmodi sunt
194 1484 1788 1614 virtutes animi & iustitia: ad quam haud dubie (sicut Cicero de legibus
184 1557 1786 1665 suspicatur) nos esse natos intelligere debemus. Summus igitur colen-
184 1636 1782 1746 di dei ritus est, ex ore iusti hominis ad deum directa laudatio: quae ta-
188 1701 1786 1786 men ipsa vt deo sit accepta, & humilitate & timore & pietate maxi-
180 1758 1782 1863 ma opus est. Quod in primis illi prisci Hebraei (prout non vno in loco
180 1812 1774 1932 suprà demonstrauimus) factitarunt, atque vt nos illud ipsum faceremus,
184 1871 1774 1997 saluator noster CHRISTVS primus docuit, dicens: Estote ergo perfe
184 1936 1770 2053 cti, quemadmodum & pater vester coelestis perfectus est. Et inde subiun
182 2009 1768 2136 git: Tu autem cum oraueris, intra in cubiculum tuum, & clauso ostio tuo,
180 2078 1762 2185 ora patrem tuum in abscondito: & pater tuus qui videt in abscondito
184 2136 1780 2236 reddet tibi. Orantes verò nolite multum loqui, sicut ethnici faciunt. Pu-
180 2199 1774 2304 tant enim quòd in multiloquio suo exaudiantur. Et subdit: Sic ergo vos
180 2270 1774 2369 orabitis: Pater noster, qui es in coelis, sanctificetur nomen tuum. Adue
180 2319 1772 2432 niat regnum tuum. Fiat voluntas tua, sicut in coelo, & in terra. Panem no
178 2377 1772 2505 strum cottidianum da nobis hodie. Et dimitte nobis debita nostra, si-
180 2444 1770 2564 cut & nos dimittimus debitoribus nostris. Et ne nos inducas in tenta
184 2511 1756 2626 tionem. Sed libera nos à malo. Amen. Haec ex Euangelilta Matthaeo
174 2588 1772 2691 apud quem Hieronymus non cottidianum iuxta Cypriani sententiam, sed
180 2626 1766 2752 supersubstantialem panem legit. Contra & Cyprianus legit non Dimit-
182 2701 1768 2817 te, sed Remitte nobis debita nostra, sicut & nos remittimus. Et haec
180 2766 1770 2869 admonui, vt vtranque lectionem intelligas haud quaquam ex recentioribus
174 2833 1766 2936 esse. Cyprianus in expositione huius dominicae orationis non incondu-
174 2890 1766 3009 center quosdam admonet, qui plus sapere quàm oporteat videri volen-
1488 2985 1596 3074 n.j.
1788 1871 2059 2013 Matth. 5.8
1804 2019 1899 2110 6.b
