2479 3508
1175 100 1869 260 DE INVENT. RERVM
600 221 2232 412 λαοῖς ἄφεσις, populis missio. Quam vocem feliciter cuctis euenire si-
604 317 2240 479 gnauit, populi clamor insecutus. Exin gaudio delibuti populares, ta-
596 391 2234 545 los, verbenas, corollas ferentes exosculatis vestigijs deae, quae gradibus
598 448 2240 606 haerebat argento formata, ad suos discedunt lares. & reliqua. Interpreta
602 520 2242 667 mentum illarum duarum Graecarum dictionum est populis missio, Verba
606 590 2236 731 sunt graecanico more & lingua pronuntiata, quae Graeci Latinique iuxta
620 655 2238 805 vsurpabant, post cuncta celebrata mysteria, vt diceretur missio populis,
610 717 2244 872 scilicet est vel datur, vt tum demum omnibus abire fas esset. Idem igi
608 790 2240 913 tur mos à nostris etiam seruatur, vt peractis sacris, per Diaconum pro-
608 864 2252 973 nuntietur: Ite, missa est, quod idem pollet, quod ilicet, hoc est ire licet
610 905 2232 1036 Nec praeter consuetudinem est, quod missa non missio pronuntiatur
612 987 2242 1110 quando nostrae religionis autores indifferenter missionem, & missam
624 1059 2242 1161 vsurpare diuus Cyprianus testatur, qui remissam peccatorum, ac id ge-
614 1122 2242 1233 nus alia permulta saepe scribit, vt ad fortunatum de exhortatione mar-
622 1190 2240 1308 tyrij. In aquae, inquit, baptismo percipitur peccatorum remissa. Hinc er-
618 1253 1798 1333 go totum quoque sacrificium missa est nominatum. Sic Romanis pla-
614 1298 2242 1419 cuit, omnem diuinum cultum ceremonias appellare, à Ceretibus Hetru
612 1390 2250 1476 riae populis. Hi enim olim capta vrbe Roma à Senonibus Gallis, sa-
610 1443 2242 1550 cra Romanorum à Vestalibus inuecta perbenigne receperunt, serua
612 1511 2240 1597 runtque, donec patria à Camillo esset recuperata, sicut Liuius libro
614 1575 2246 1667 ab vrbe condita quinto late refert. Cuius beneficij Quirites memores
620 1636 2248 1726 postea omnia quae ad religionem colendam pertinerent, ceremonias nun
614 1706 2242 1790 cuparunt. Autor est Valerius Maximus. Quamuis sint, qui eas à carendo
608 1759 2244 1853 dictas malint. Quòd semel tantum die sacrificatur, hoc Alexandri
614 1833 2240 1908 primi teste Gratiano est institutum, sicut & illud Telephori, (vt ait
606 1900 2234 1982 Platina) quòd dominico natali die ter sacerdos celebrat. Et primo in
614 1957 2250 2025 dimidio noctis, cum CHRISTVS est natus: secundo deinde loco luce-
612 2025 2242 2101 scente aurora, quando pastores natum inuiserunt: postremo vbi prima
612 2090 2234 2166 lux humano generi adfulsit, cum prius nulli ante tertiam diei horam, fas es-
606 2150 2242 2219 set celebrare. Adijcitur & alius mysticus sensus, vt triplici actu status
608 2215 2236 2289 triplex gentium significetur. Primus, qui sine lege fuit cum omnia fue
612 2273 2248 2353 runt tenebris circunfusa. Alter lucis & tenebraru simul particeps cum
618 2342 2246 2428 post datam legem fuit omnino aliqua dei agnitio, sed nondum perfecta.
608 2408 2013 2482 Postremus gratiae est, cui sol, id est, veritatis lux adfulsit. Praeterea
606 2463 2242 2561 Felix primus sanxit autore eodem Platina, vt nullibi quam in sacro loco, &
610 2527 2240 2641 à viris sacris initiatis missa celebraretur, necessitatem semper excipies.
670 2584 2246 2680 Anacletus quoque huius rei studiosus, voluit vt sacerdos non nisi coram
604 2652 2236 2768 saltem duobus sacrificaret, quo, credo, ne ille frustra bene precando dice-
604 2713 2242 2824 ret: Dominus vobiscum, si minus, quàm duo sacris interessent. Pro-
612 2772 2238 2897 pterea perperam faciunt, qui sine arbitris celebrant. Gratianus hoc in-
612 2834 2234 2942 stitutum Soteri attribuit, qui forte illud parum custoditum renouauit.
674 2889 2236 3053 Iam ad comunicationem veniamus. Peracta cosecratione, fideles olim
