2479 3508
762 138 1340 254 LIBER QVINTVS.
1654 151 1794 246 96
200 254 1836 407 do, dominus vobiscum, sapius ad populum in altati vertitur, hoc de
194 322 1819 463 Hebraeorum quoque ceremonia sumptum constat, quorum sacerdos in-
200 396 1834 529 ter sacrificandum, sese circumagebat aspergendo sanguinem animalis
200 456 1828 586 immolati. Quod teste Apuleio, & Ethnicorum sacerdotes circa aras fa
200 520 1832 642 ctitabant, cum praesertim responsa daturi diuino (vti credebant) spiri
194 584 1823 696 tu addati agitarentur. Vnde dubio procul ab alterutris apud nos, sunt
192 657 871 781 huiusmnodi in altari vertigines.
200 731 1821 890 Vnde mos sit, quòd post rem diuinam peractam, Diaconus pronun-
256 830 1819 948 tiat, Ite, missa est. Et quare totum nostrum sacrificium sit missa no
266 900 1825 999 minatum, Ac vnde omnis diuinus cultus ceremoniae dicantur. Et
254 960 1823 1066 quis primus decretum tulerit, vt vna tantum missa celebraretur in
258 1051 1821 1138 die, & in dominico natali die tres: atque id nullibi quàm in loco sa-
266 1088 1825 1196 cro fieret, & omnes Christiani primum cotidie, deinde ter, nouis-
260 1152 1817 1249 sime autem saltem semel quotannis Eucharistiae sacramentum su-
250 1229 1594 1322 merent, & quare ipsa Eucharistia in templis adseruetur.
760 1282 931 1371 Caput XI.
366 1309 1815 1454 Peracta re diuina, Diaconus ad populum conuersus pronun-
370 1421 1828 1518 tiare solet, Ite, missa est. Conuenit hoc loco, vt huius nominis
359 1487 1825 1586 missae originem explicemus, ne quis vt sordidum & peregri-
200 1557 1828 1644 num respuat, quando hactenus permulti id indagare conati rem in
198 1615 1830 1710 incerto reliquerunt, quippe qui non vnde natum esset, vt libamento
196 1673 1828 1774 iam libato, id est sacrificato, per hunc modum, potestas fieret abeun-
202 1730 1834 1842 di volentibus, prodiderunt, sed circa vim illius verbi missa, aberrantes
198 1805 1832 1900 deliramenta quaedam somniarunt non animaduertentes nostros sa-
200 1844 1834 1949 cerdotes illud ex moribus institutisque priscorum esse mutuatos, sicut
202 1929 1828 2007 pleraque alia, vti suo memorauimus loco. Caeterum ne nos etiam ali-
194 1984 1838 2096 quid diuinasse potius, quàm rem certam prodidisse dicamur, Apulei
196 2046 1840 2158 testimonium à cunctis amplectendum ducemus in medium, vnde mo
198 2115 1836 2218 ris huius originem abunde haurire licebit. Is enim libro sui Asini au-
192 2174 1834 2280 rei vndecimo cum se refert sacris deae Isidis interfuisse, in haec verba
196 2243 1834 2340 rem declarat: At cum ad ipsum iam templum peruenimus, sacerdos
200 2294 1842 2410 maximus, quique diuinas effigies progerebant, & qui venerandis pe-
198 2360 1836 2470 netralibus pridem fuerant initiati, intra cubiculum deae recepti, dispo-
198 2408 1840 2534 nunt rite simulachra spirantia. Tunc ex his vnus quem cuncti Gram
194 2480 1848 2598 matea (sic Graeci vocant scribam consiliorum omnium participem) di
194 2550 1848 2660 cebant, prae foribus adsistens coetu pastophorum (est Graecis pasto-
200 2598 1838 2730 phorus sacerdos sacrosanctus) quod sacrosancti collegij nomen est,
200 2674 1842 2773 velut in concionem vocato, indidem de sublimi suggestu, de libro,
194 2734 1840 2837 de literis, fausta vota praefatus principi magno senatuique, & equi-
192 2782 1848 2916 ti, totique Romano populo, nauticis, nauibus quaeque sub imperio
192 2858 1844 2980 mundi nostratis reguntur, renuntiat, sermone ritumque Graeciensi ita
1495 2949 1662 3052 n.iiij.
