2479 3508
287 1460 561 1571 Leuit. 21.c
287 1596 559 1720 Matt. 19.a
287 1973 528 2091 1. Timo-
293 2068 517 2181 theo. 3.a
1135 113 1816 266 DE INVENT. RERVM
585 222 2258 375 De initio connubij Sacerdotum, apud Hebraeos, & qua ratione nostri
672 312 2254 446 illud diu contraxissent, ac postremo orientalibus quomodo permis-
677 385 2261 522 sum, occidentalibus vero sacerdotibus quando ademptum fuerit.
1280 453 1471 541 Caput IIII.
848 524 2261 639 Poscit locus, vt antequam ad alia transeamus, aliquid obiter
825 580 2258 706 de initio connubij sacerdotalis speciatim dicamus. Itaque
830 652 2265 769 Hebraeis studium in primis fuit, propagare successionem ge-
580 714 2254 825 neris, quo fortassis orbis qui post diluuium, habitatoribus vacuus erat
582 781 2267 886 oppleretur hominibus. Mansit & ea cura posteris, quamobrem (vt ait
580 851 2258 957 Augustinus de bono coniugij) fas eis erat, plures habere vxores. Argu
576 913 2261 1018 it idem, quòd eorum legum lator Moses omnibus aeque coniugium
576 974 2254 1079 concessit, ipsis etiam sacerdotibus, ne naturali mulierum coniunctione
585 1039 2261 1163 priuati ad ilicita temere prolaberentur. Propterea si qua mulier non
585 1106 2256 1223 genuisset, probro habebatur. Quod Anna Helcanae vxor dolens (sicut
580 1173 2256 1272 in liminari pagina primi Regnorum libri legitur) vouit domino Samue-
576 1234 2254 1345 lem filium, priusquam conciperet. Sed ad Mosen redeo, Is autore Iose
585 1305 2246 1423 pho, constituit, vt sacerdotes vxores ducerent, etiam viduas, quae ne-
580 1370 2248 1490 que captiuae, neque ancillae néuue quibusuis de causis repudiatae à
582 1433 2248 1563 prioribus viris essent. Summo verò pontifici voluit virginem nuptui
580 1517 2242 1611 dari. Et haec apud Hebraeos matrimonij etiam sacerdotalis ratio fuit,
587 1565 2248 1689 quam ab omnibus custodiri oportere saluator noster docet dicens: Scri-
587 1649 2250 1758 ptum est, propter hoc, relinquet homo patrem & matrem, & adhaerebit
589 1697 2240 1804 vxori suae, & erunt duo in carnem vnam. Quod ergo deus coniunxit,
572 1756 2240 1858 homo non separet. Nostris autem sacerdotibus Apostolus in primis
574 1829 2233 1927 Paulus (quia deus vti Cyprianus ait continentiam suadet, non iubet)
574 1892 2250 2001 modum contrahendi connubij praescripsit, ita ad Timotheum scribens:
591 1961 2242 2057 Oportet igitur episcopum irreprehensibilem esse, vnius vxoris maritum.
580 2022 2246 2137 Et paulo inferius: Diaconi sint vnius vxoris mariti. Sic complexus est om
578 2089 2246 2208 nes sacris initiatos ordinibus. Quod episcopis est concessum, illud ipsum
578 2164 2240 2271 & presbiteris datum, quandoquidem ex testimonio Hieronymi alibi
582 2219 2240 2342 diximus, olim episcopis vocitari presbiteros. De subdiaconis siletur,
580 2298 2248 2401 quorum tunc ordo haud sacer erat. Item Syluester primus, teste Plati-
576 2351 2242 2462 na, gradus in ordinibus ecclesiasticis constituit, vt vnusquisque vno
576 2424 2244 2529 tantum ordine contentus esset, & vnius solum vxoris vir. Est operae pre-
580 2487 2248 2602 tium audire quosdam ex nostris theologis superstitiose verecundos
576 2548 2242 2663 detorquere hunc locum ad rem familiarem moderandam, affirman-
568 2608 2240 2724 tes per haec, Apostolum docere episcopum non debere, nisi vnum ha-
574 2673 2233 2793 bere episcopatum, & presbyterum itidem vnum sacerdotium possidere.
570 2736 2240 2847 Super qua re Hieronymus ad Oceanum, & ita differt, Quidam coacte
568 2799 2237 2916 interpretantur vxores pro ecclesijs, viros pro episcopis, debere accipi.
574 2874 2242 2975 Et hoc in Nicena quoque synodo à patribus esse decretum ne de alia
564 2929 2233 3088 in aliam ecclesiam episcopus transferatur, ne virginali pauperculae so-
