<?xml version="1.0" encoding="UTF-8" standalone="yes"?>
<PcGts xmlns="http://schema.primaresearch.org/PAGE/gts/pagecontent/2013-07-15" xmlns:xsi="http://www.w3.org/2001/XMLSchema-instance" xsi:schemaLocation="http://schema.primaresearch.org/PAGE/gts/pagecontent/2013-07-15 http://schema.primaresearch.org/PAGE/gts/pagecontent/2013-07-15/pagecontent.xsd">
    <Metadata>
        <Creator>prov=READ-COOP:name=PyLaia@TranskribusPlatform:version=2.25.0:model_id=39995:lm=none:date=04_04_2025_03:46</Creator>
        <Created>2025-04-02T18:51:51.309+02:00</Created>
        <LastChange>2025-04-15T15:40:17.116+02:00</LastChange>
        <TranskribusMetadata docId="7752855" pageId="94469614" pageNr="9" tsid="238977813" status="IN_PROGRESS" userId="371030" imgUrl="https://files.transkribus.eu/Get?id=QKPLIAHPRPIUHYLIMQUHOSKS&amp;fileType=view" xmlUrl="https://files.transkribus.eu/Get?id=AJNINVJVTJVTGNZHQXRYJKPW" imageId="79006607"/>
    </Metadata>
    <Page imageFilename="94469614.jpg" imageWidth="2479" imageHeight="3508">
        <ReadingOrder>
            <OrderedGroup id="ro_1744724417116" caption="Regions reading order">
                <RegionRefIndexed index="0" regionRef="tr_1"/>
                <RegionRefIndexed index="1" regionRef="tr_2"/>
            </OrderedGroup>
        </ReadingOrder>
        <TextRegion orientation="0.0" id="tr_1" custom="readingOrder {index:0;}">
            <Coords points="259,190 259,3063 1815,3063 1815,190"/>
            <TextLine id="tr_1_tl_1" custom="readingOrder {index:0;}">
                <Coords points="814,274 961,249 1347,271 1345,146 1226,160 1162,127 1035,140 1010,162 903,146 812,162"/>
                <Baseline points="824,223 850,223 876,222 902,221 929,220 955,220 981,222 1007,223 1034,223 1060,223 1086,223 1112,223 1139,223 1165,225 1191,227 1217,228 1244,229 1270,229 1296,231 1322,233 1349,235"/>
                <TextEquiv>
                    <Unicode>LIBER QVINTVS.</Unicode>
                </TextEquiv>
            </TextLine>
            <TextLine id="l" custom="readingOrder {index:1;}">
                <Coords points="1726,254 1771,253 1771,253 1771,283 1712,253 1725,224"/>
                <Baseline points="1726,254 1771,253 1771,253"/>
                <TextEquiv>
                    <Unicode>85</Unicode>
                </TextEquiv>
            </TextLine>
            <TextLine id="tr_1_tl_2" custom="readingOrder {index:2;}">
                <Coords points="272,383 851,327 1804,348 1804,286 1658,267 689,259 424,311 272,271"/>
                <Baseline points="283,370 359,355 435,341 511,331 588,326 664,321 740,319 817,319 893,316 969,317 1046,319 1122,319 1198,321 1274,322 1351,327 1427,329 1503,331 1580,331 1656,331 1732,335 1809,340"/>
                <TextEquiv>
                    <Unicode>cietate contempta, ditioris adulterae quaerat amplexus. &amp; rel. Sed mul</Unicode>
                </TextEquiv>
            </TextLine>
            <TextLine id="tr_1_tl_3" custom="readingOrder {index:3;}">
                <Coords points="274,446 778,391 1800,416 1800,358 1209,331 274,385"/>
                <Baseline points="286,429 361,414 437,403 513,396 589,389 665,383 741,382 816,379 892,382 968,382 1044,382 1120,382 1196,385 1272,388 1347,391 1423,396 1499,397 1575,400 1651,400 1727,400 1803,403"/>
                <TextEquiv>
                    <Unicode>to futilius nuptias abominantur, nec volunt credere Paulum locutum</Unicode>
                </TextEquiv>
            </TextLine>
            <TextLine id="tr_1_tl_4" custom="readingOrder {index:4;}">
                <Coords points="278,510 582,452 1794,477 1794,426 1744,415 1076,391 278,448"/>
                <Baseline points="289,489 364,475 440,462 515,454 591,447 666,445 742,444 817,444 893,446 968,447 1044,447 1120,447 1195,448 1271,453 1346,456 1422,459 1497,462 1573,465 1648,466 1724,468 1800,465"/>
                <TextEquiv>
                    <Unicode>esse uxori, cum scripserit, Sanè rogo &amp; te compar germana, siue ger-</Unicode>
                </TextEquiv>
            </TextLine>
            <TextLine id="tr_1_tl_5" custom="readingOrder {index:5;}">
                <Coords points="274,568 720,516 1800,549 1800,477 1201,459 562,457 274,514"/>
                <Baseline points="286,549 362,536 438,524 514,516 590,510 666,508 742,507 818,510 894,512 970,513 1046,513 1122,511 1198,514 1274,519 1350,521 1426,524 1502,528 1578,528 1654,533 1730,534 1806,531"/>
                <TextEquiv>
                    <Unicode>nane id quod magni apud Graecos, autores putant. Nec obstat, quòd</Unicode>
                </TextEquiv>
            </TextLine>
            <TextLine id="tr_1_tl_6" custom="readingOrder {index:6;}">
                <Coords points="278,619 685,578 1759,623 1800,613 1798,549 605,520 276,568"/>
                <Baseline points="289,606 364,593 440,585 516,578 592,571 668,570 744,571 819,573 895,576 971,576 1047,576 1123,576 1199,577 1275,582 1350,585 1426,588 1502,591 1578,591 1654,594 1730,594 1806,597"/>
                <TextEquiv>
                    <Unicode>Hieronymus ad Eustochium scribens aliter sentire videatur. Nempe</Unicode>
                </TextEquiv>
            </TextLine>
            <TextLine id="tr_1_tl_7" custom="readingOrder {index:7;}">
                <Coords points="271,681 734,640 1703,681 1802,673 1800,617 1002,580 269,629"/>
                <Baseline points="280,668 356,655 432,645 508,638 585,635 661,632 737,632 814,635 890,635 966,638 1043,641 1119,641 1195,642 1271,644 1348,647 1424,648 1500,653 1577,656 1653,656 1729,659 1806,662"/>
                <TextEquiv>
                    <Unicode>sic decuit, vt virginis auribus vtrunque multorum exemplis virginita</Unicode>
                </TextEquiv>
            </TextLine>
            <TextLine id="tr_1_tl_8" custom="readingOrder {index:8;}">
                <Coords points="269,740 732,705 1736,753 1794,732 1792,673 592,644 267,687"/>
                <Baseline points="280,728 356,715 432,706 508,701 584,695 660,695 736,695 812,698 888,701 964,702 1040,704 1116,706 1192,709 1268,707 1344,712 1420,715 1496,717 1572,719 1648,721 1724,723 1800,722"/>
                <TextEquiv>
                    <Unicode>tem inculcaret. Et denique Apostolum virginem praedicant, ex eo po-</Unicode>
                </TextEquiv>
            </TextLine>
            <TextLine id="tr_1_tl_9" custom="readingOrder {index:9;}">
                <Coords points="269,794 726,767 1732,819 1792,763 730,705 267,759"/>
                <Baseline points="280,785 355,778 431,771 507,764 583,759 659,758 735,758 810,761 886,763 962,765 1038,770 1114,769 1190,773 1266,776 1341,778 1417,780 1493,785 1569,787 1645,786 1721,788 1797,791"/>
                <TextEquiv>
                    <Unicode>tissimum, quod dixit, Nam velim omnes homines esse, vt &amp; ipse sum.</Unicode>
                </TextEquiv>
            </TextLine>
            <TextLine id="tr_1_tl_10" custom="readingOrder {index:10;}">
                <Coords points="269,884 463,829 1796,874 1771,802 726,767 269,796"/>
                <Baseline points="280,847 355,840 431,830 507,824 583,821 659,821 735,821 810,826 886,829 962,830 1038,832 1114,835 1190,838 1266,841 1341,843 1417,847 1493,847 1569,850 1645,851 1721,853 1797,853"/>
                <TextEquiv>
                    <Unicode>Cum Apostolus per haec innueret, se iam à complexu &amp; commertio</Unicode>
                </TextEquiv>
            </TextLine>
            <TextLine id="tr_1_tl_11" custom="readingOrder {index:11;}">
                <Coords points="272,913 1744,944 1794,940 1794,876 492,833 271,882"/>
                <Baseline points="283,910 358,900 434,893 510,886 586,883 662,884 738,886 813,888 889,894 965,895 1041,901 1117,901 1193,902 1269,907 1344,908 1420,913 1496,916 1572,916 1648,919 1724,920 1800,919"/>
                <TextEquiv>
                    <Unicode>vxoris abstinere, &amp; mente, &amp; corpore castum esse, quod vel August. de</Unicode>
                </TextEquiv>
            </TextLine>
            <TextLine id="tr_1_tl_12" custom="readingOrder {index:12;}">
                <Coords points="269,985 658,952 1736,1006 1794,995 1794,938 640,893 267,924"/>
                <Baseline points="280,973 355,963 431,957 507,949 583,946 659,946 735,949 810,951 886,957 962,959 1038,961 1114,966 1190,968 1266,970 1341,975 1417,976 1493,976 1569,979 1645,982 1721,985 1797,985"/>
                <TextEquiv>
                    <Unicode>bono coniugij declarat inquiens: Sed noui quosdam, qui murmurant.</Unicode>
                </TextEquiv>
            </TextLine>
            <TextLine id="tr_1_tl_13" custom="readingOrder {index:13;}">
                <Coords points="269,1037 636,1014 1771,1070 1794,1000 267,977"/>
                <Baseline points="280,1032 355,1026 431,1017 507,1012 583,1009 659,1009 735,1012 810,1014 886,1020 962,1022 1038,1024 1114,1027 1190,1030 1266,1032 1341,1034 1417,1036 1493,1038 1569,1040 1645,1042 1721,1045 1797,1050"/>
                <TextEquiv>
                    <Unicode>Quid inquiunt si omnes vellent ab omni concubitu abstinere, vnde</Unicode>
                </TextEquiv>
            </TextLine>
            <TextLine id="tr_1_tl_14" custom="readingOrder {index:14;}">
                <Coords points="265,1102 1794,1123 1792,1061 263,1037"/>
                <Baseline points="274,1092 350,1084 426,1078 502,1074 579,1071 655,1071 731,1075 808,1077 884,1080 960,1083 1037,1086 1113,1089 1189,1092 1265,1095 1342,1098 1418,1098 1494,1101 1571,1101 1647,1107 1723,1108 1800,1110"/>
                <TextEquiv>
                    <Unicode>subsisteret genus humanum? Vtinam omnes hoc vellent, duntaxat in</Unicode>
                </TextEquiv>
            </TextLine>
            <TextLine id="tr_1_tl_15" custom="readingOrder {index:15;}">
                <Coords points="263,1181 541,1144 1767,1195 1789,1117 261,1104"/>
                <Baseline points="274,1152 350,1147 426,1142 502,1137 578,1135 654,1135 730,1140 806,1143 882,1143 958,1147 1034,1149 1110,1152 1186,1153 1262,1158 1338,1160 1414,1162 1490,1164 1566,1167 1642,1169 1718,1176 1794,1176"/>
                <TextEquiv>
                    <Unicode>charitate, de corde puro, &amp; conscientia bona, &amp; fide perfecta, multo</Unicode>
                </TextEquiv>
            </TextLine>
            <TextLine id="tr_1_tl_16" custom="readingOrder {index:16;}">
                <Coords points="267,1248 652,1209 1771,1271 1792,1185 541,1144 265,1179"/>
                <Baseline points="277,1212 353,1207 429,1202 505,1200 581,1198 657,1198 733,1204 809,1206 885,1209 961,1212 1037,1215 1113,1217 1189,1219 1265,1221 1341,1226 1417,1227 1493,1230 1569,1233 1645,1237 1721,1239 1797,1241"/>
                <TextEquiv>
                    <Unicode>citius dei ciuitas compleretur, &amp; acceleraretur terminus seculi. Quid</Unicode>
                </TextEquiv>
            </TextLine>
            <TextLine id="tr_1_tl_17" custom="readingOrder {index:17;}">
                <Coords points="263,1302 601,1269 1796,1320 1794,1269 1662,1242 475,1209 261,1244"/>
                <Baseline points="274,1277 350,1272 426,1267 502,1262 579,1262 655,1264 731,1268 808,1271 884,1276 960,1277 1037,1280 1113,1283 1189,1286 1265,1289 1342,1292 1418,1294 1494,1296 1571,1298 1647,1301 1723,1302 1800,1304"/>
                <TextEquiv>
                    <Unicode>enim aliud hortari apparet Apostolum? vbi ait, Velim omnes esse, vt</Unicode>
                </TextEquiv>
            </TextLine>
            <TextLine id="tr_1_tl_18" custom="readingOrder {index:18;}">
                <Coords points="267,1357 574,1331 1763,1399 1785,1314 265,1298"/>
                <Baseline points="277,1337 352,1332 428,1328 499,1328 579,1325 655,1328 731,1331 806,1334 882,1336 958,1341 1034,1343 1109,1346 1185,1350 1261,1352 1336,1357 1412,1358 1488,1358 1563,1361 1639,1365 1715,1367 1791,1370"/>
                <TextEquiv>
                    <Unicode>&amp; ipse sum. aut alio loco, Hoc autem dico fratres, tempus breue est: su</Unicode>
                </TextEquiv>
            </TextLine>
            <TextLine id="tr_1_tl_19" custom="readingOrder {index:19;}">
                <Coords points="269,1436 533,1397 1787,1444 1785,1394 1643,1374 267,1358"/>
                <Baseline points="280,1403 355,1395 431,1391 506,1388 582,1388 657,1389 733,1394 808,1399 884,1401 959,1403 1035,1409 1111,1411 1186,1413 1262,1415 1337,1420 1413,1422 1488,1424 1564,1427 1639,1430 1715,1433 1791,1436"/>
                <TextEquiv>
                    <Unicode>per est, vt qui habent vxores tanquam non habeant. Haec Augustinus.</Unicode>
                </TextEquiv>
            </TextLine>
            <TextLine id="tr_1_tl_20" custom="readingOrder {index:20;}">
                <Coords points="267,1477 1789,1512 1785,1450 1551,1432 436,1395 267,1429"/>
                <Baseline points="277,1465 352,1458 428,1453 504,1453 579,1453 655,1453 731,1456 806,1461 882,1464 958,1466 1034,1468 1109,1473 1185,1477 1261,1480 1336,1483 1412,1486 1488,1489 1563,1491 1639,1493 1715,1498 1791,1501"/>
                <TextEquiv>
                    <Unicode>Arguit Paulus ita se fecisse, dicens: An non habemus potestatem soro</Unicode>
                </TextEquiv>
            </TextLine>
            <TextLine id="tr_1_tl_21" custom="readingOrder {index:21;}">
                <Coords points="259,1530 1664,1584 1791,1578 1789,1514 257,1471"/>
                <Baseline points="268,1525 344,1520 420,1519 496,1516 573,1516 649,1519 725,1520 802,1525 878,1527 954,1529 1031,1534 1107,1536 1183,1538 1259,1543 1336,1546 1412,1549 1488,1550 1565,1552 1641,1555 1717,1559 1794,1558"/>
                <TextEquiv>
                    <Unicode>rem, mulierem circumducendi, sicut &amp; caeteri Apostoli, &amp; fratres do-</Unicode>
                </TextEquiv>
            </TextLine>
            <TextLine id="tr_1_tl_22" custom="readingOrder {index:22;}">
                <Coords points="261,1598 1806,1648 1804,1586 1717,1567 259,1530"/>
                <Baseline points="271,1588 347,1580 424,1581 501,1579 578,1579 655,1584 732,1586 809,1588 886,1591 963,1592 1040,1595 1116,1597 1193,1602 1270,1604 1347,1609 1424,1612 1501,1615 1578,1619 1655,1621 1732,1624 1809,1627"/>
                <TextEquiv>
                    <Unicode>mini, &amp; Cephas? Appellat vxorem Paulus sororem, vtpote quam iam</Unicode>
                </TextEquiv>
            </TextLine>
            <TextLine id="tr_1_tl_23" custom="readingOrder {index:23;}">
                <Coords points="257,1664 1713,1715 1794,1703 1794,1652 255,1598"/>
                <Baseline points="268,1648 344,1645 421,1642 497,1642 574,1644 651,1647 727,1648 804,1650 880,1655 957,1656 1034,1659 1110,1662 1187,1667 1263,1669 1340,1671 1417,1673 1493,1675 1570,1680 1646,1685 1723,1687 1800,1692"/>
                <TextEquiv>
                    <Unicode>loco sororis habebat. Quanuis Hieronymus contra louinianum, hunc</Unicode>
                </TextEquiv>
            </TextLine>
            <TextLine id="tr_1_tl_24" custom="readingOrder {index:24;}">
                <Coords points="261,1717 1794,1777 1792,1703 1691,1695 261,1660"/>
                <Baseline points="271,1707 347,1707 423,1707 500,1710 576,1709 653,1710 729,1714 806,1716 882,1719 959,1719 1035,1722 1111,1727 1188,1731 1264,1735 1341,1737 1417,1739 1494,1743 1570,1743 1647,1744 1723,1747 1800,1755"/>
                <TextEquiv>
                    <Unicode>locum magis pie quàm ex re ipsa, interpretetur, quippe qui intelligi vult</Unicode>
                </TextEquiv>
            </TextLine>
            <TextLine id="tr_1_tl_25" custom="readingOrder {index:25;}">
                <Coords points="269,1777 1726,1845 1796,1841 1794,1779 265,1713"/>
                <Baseline points="277,1770 353,1770 429,1770 505,1773 581,1775 657,1777 733,1780 810,1782 886,1787 962,1788 1038,1791 1114,1793 1190,1797 1266,1800 1343,1802 1419,1803 1495,1807 1571,1809 1647,1812 1723,1815 1800,1815"/>
                <TextEquiv>
                    <Unicode>eas mulieres, quae iuxta Iudaicum morem, de sua substantia, magistris</Unicode>
                </TextEquiv>
            </TextLine>
            <TextLine id="tr_1_tl_26" custom="readingOrder {index:26;}">
                <Coords points="255,1851 1785,1888 1783,1829 253,1785"/>
                <Baseline points="265,1833 341,1833 417,1834 493,1836 569,1838 645,1839 721,1840 798,1845 874,1848 950,1849 1026,1854 1102,1854 1178,1858 1254,1859 1331,1862 1407,1865 1483,1869 1559,1877 1635,1877 1711,1879 1788,1877"/>
                <TextEquiv>
                    <Unicode>administrabant, sicut Sunamitis cum Helisaeo faciebat. Quod omni-</Unicode>
                </TextEquiv>
            </TextLine>
            <TextLine id="tr_1_tl_27" custom="readingOrder {index:27;}">
                <Coords points="261,1917 1791,1966 1748,1890 259,1853"/>
                <Baseline points="271,1895 347,1895 423,1895 499,1896 575,1901 651,1904 727,1907 804,1907 880,1909 956,1914 1032,1916 1108,1921 1184,1922 1260,1925 1337,1925 1413,1929 1489,1932 1565,1937 1641,1940 1717,1941 1794,1946"/>
                <TextEquiv>
                    <Unicode>no à sancti viri mente non dissonat, sed propositum sequamur. Testa</Unicode>
                </TextEquiv>
            </TextLine>
            <TextLine id="tr_1_tl_28" custom="readingOrder {index:28;}">
                <Coords points="255,1962 1796,2032 1792,1960 496,1901 253,1935"/>
                <Baseline points="265,1958 341,1958 418,1961 495,1961 572,1967 648,1970 725,1971 802,1973 879,1975 955,1979 1032,1982 1109,1985 1186,1987 1262,1989 1339,1994 1416,1993 1493,1997 1569,2000 1646,2003 1723,2005 1800,2006"/>
                <TextEquiv>
                    <Unicode>tur idem Clemens Alexandrinus episcopus, quem Eusebius libro ec-</Unicode>
                </TextEquiv>
            </TextLine>
            <TextLine id="tr_1_tl_29" custom="readingOrder {index:29;}">
                <Coords points="259,2034 1685,2100 1792,2094 1791,2026 257,1964"/>
                <Baseline points="268,2015 344,2023 420,2024 497,2027 573,2027 650,2033 726,2036 803,2039 879,2041 956,2043 1032,2048 1108,2050 1185,2051 1261,2054 1338,2054 1414,2057 1491,2061 1567,2065 1644,2068 1720,2071 1797,2071"/>
                <TextEquiv>
                    <Unicode>clesiasticae historiae tertio citat, &amp; ait, Sed &amp; Paulum non tedet Aposto</Unicode>
                </TextEquiv>
            </TextLine>
            <TextLine id="tr_1_tl_30" custom="readingOrder {index:30;}">
                <Coords points="251,2084 313,2118 1726,2158 1804,2153 1802,2090 249,2026"/>
                <Baseline points="262,2083 339,2086 416,2089 494,2092 571,2095 648,2098 726,2099 803,2104 880,2104 958,2106 1035,2110 1112,2113 1190,2113 1267,2116 1344,2119 1422,2122 1499,2125 1576,2128 1654,2131 1731,2133 1809,2137"/>
                <TextEquiv>
                    <Unicode>lum, in quadam epistola sua mentionem vel salutationem facere com</Unicode>
                </TextEquiv>
            </TextLine>
            <TextLine id="tr_1_tl_31" custom="readingOrder {index:31;}">
                <Coords points="257,2174 1611,2228 1798,2221 1796,2154 255,2108"/>
                <Baseline points="268,2149 344,2149 421,2155 498,2158 575,2161 651,2166 728,2167 805,2170 882,2170 958,2170 1035,2173 1112,2176 1189,2181 1265,2183 1342,2185 1419,2187 1496,2191 1572,2191 1649,2194 1726,2199 1803,2200"/>
                <TextEquiv>
                    <Unicode>paris suae, quam se ideo negat circunducere, vt ad praedicationem euan</Unicode>
                </TextEquiv>
            </TextLine>
            <TextLine id="tr_1_tl_32" custom="readingOrder {index:32;}">
                <Coords points="263,2230 1668,2287 1796,2281 1794,2219 261,2176"/>
                <Baseline points="271,2215 347,2215 423,2219 500,2224 576,2226 653,2232 729,2235 806,2236 882,2236 959,2237 1035,2242 1111,2244 1188,2245 1264,2246 1341,2248 1417,2251 1494,2255 1570,2257 1647,2260 1723,2263 1800,2260"/>
                <TextEquiv>
                    <Unicode>gelij expeditior fiat. Affirmat illud idem Ignatius Antiochenus epi-</Unicode>
                </TextEquiv>
            </TextLine>
            <TextLine id="tr_1_tl_33" custom="readingOrder {index:33;}">
                <Coords points="255,2281 1685,2357 1802,2345 1800,2281 253,2232"/>
                <Baseline points="265,2274 342,2279 419,2283 496,2289 573,2292 650,2295 727,2293 804,2298 881,2301 958,2301 1035,2305 1112,2307 1189,2312 1266,2311 1343,2313 1420,2316 1497,2319 1574,2323 1651,2325 1728,2328 1806,2331"/>
                <TextEquiv>
                    <Unicode>scopus, qui cum Paulo vixit. Si dubitamus adhuc? Audi, quae idem Cle</Unicode>
                </TextEquiv>
            </TextLine>
            <TextLine id="tr_1_tl_34" custom="readingOrder {index:34;}">
                <Coords points="255,2343 500,2386 1804,2415 1800,2345 1724,2337 253,2285"/>
                <Baseline points="265,2337 342,2342 419,2349 496,2352 573,2358 650,2361 727,2362 804,2361 881,2364 958,2367 1035,2370 1112,2373 1189,2375 1266,2379 1343,2379 1420,2382 1497,2385 1574,2388 1651,2391 1728,2391 1806,2388"/>
                <TextEquiv>
                    <Unicode>mens aduersus hosce scrupulosos sanctos, qui nuptias spernunt, scri-</Unicode>
                </TextEquiv>
            </TextLine>
            <TextLine id="tr_1_tl_35" custom="readingOrder {index:35;}">
                <Coords points="255,2431 1806,2480 1804,2425 1720,2404 253,2353"/>
                <Baseline points="265,2403 342,2405 419,2412 496,2421 573,2424 651,2427 728,2431 805,2433 882,2433 959,2436 1037,2437 1114,2439 1191,2442 1268,2443 1345,2445 1423,2448 1500,2450 1577,2454 1654,2457 1731,2459 1809,2457"/>
                <TextEquiv>
                    <Unicode>bat inquiens: An &amp; Apostolos improbant? Petrus etenim ac Philip-</Unicode>
                </TextEquiv>
            </TextLine>
            <TextLine id="tr_1_tl_36" custom="readingOrder {index:36;}">
                <Coords points="257,2495 1709,2552 1794,2528 1794,2483 255,2433"/>
                <Baseline points="268,2466 344,2474 420,2478 497,2486 573,2488 650,2494 726,2496 803,2498 879,2498 956,2499 1032,2501 1108,2504 1185,2507 1261,2508 1338,2510 1414,2510 1491,2514 1567,2519 1644,2521 1720,2522 1797,2519"/>
                <TextEquiv>
                    <Unicode>pus &amp; vxores habuerunt, &amp; filias etiam viris nuptui dederunt. &amp; se-</Unicode>
                </TextEquiv>
            </TextLine>
            <TextLine id="tr_1_tl_37" custom="readingOrder {index:37;}">
                <Coords points="255,2555 1685,2616 1802,2604 1800,2546 253,2509"/>
                <Baseline points="265,2531 342,2538 419,2544 496,2549 573,2555 650,2560 727,2561 804,2561 881,2564 958,2564 1035,2565 1112,2570 1189,2570 1266,2574 1343,2576 1420,2579 1497,2579 1574,2582 1651,2585 1728,2585 1806,2585"/>
                <TextEquiv>
                    <Unicode>quitur: Aiunt beatum Petrum cum vidisset vxorem suam duci ad passio</Unicode>
                </TextEquiv>
            </TextLine>
            <TextLine id="tr_1_tl_38" custom="readingOrder {index:38;}">
                <Coords points="257,2618 1794,2666 1792,2622 1647,2600 255,2559"/>
                <Baseline points="268,2594 344,2602 420,2610 497,2615 573,2623 650,2626 726,2630 803,2627 879,2628 956,2633 1032,2633 1108,2636 1185,2642 1261,2642 1338,2642 1414,2644 1491,2644 1567,2648 1644,2651 1720,2651 1797,2651"/>
                <TextEquiv>
                    <Unicode>nem, gauisum esse electionis gratia, &amp; post eam, proprio nomine ap-</Unicode>
                </TextEquiv>
            </TextLine>
            <TextLine id="tr_1_tl_39" custom="readingOrder {index:39;}">
                <Coords points="259,2686 1650,2746 1806,2744 1804,2676 257,2620"/>
                <Baseline points="268,2663 345,2670 422,2676 499,2683 576,2689 653,2694 730,2695 807,2698 884,2697 961,2698 1038,2698 1115,2701 1192,2706 1269,2708 1346,2710 1423,2710 1500,2713 1577,2713 1654,2716 1731,2716 1809,2716"/>
                <TextEquiv>
                    <Unicode>pellantem dixisse, O coniunx memento domini. Talia coniugia san-</Unicode>
                </TextEquiv>
            </TextLine>
            <TextLine id="tr_1_tl_40" custom="readingOrder {index:40;}">
                <Coords points="255,2742 1744,2812 1804,2801 1802,2740 253,2690"/>
                <Baseline points="265,2725 342,2732 419,2741 496,2749 573,2755 650,2760 727,2761 804,2764 881,2764 958,2765 1035,2767 1112,2767 1189,2772 1266,2773 1343,2776 1420,2778 1497,2779 1574,2782 1651,2782 1728,2782 1806,2779"/>
                <TextEquiv>
                    <Unicode>ctotum erant, tam perfecta fuit affectio beatorum. Hunc igitur Apo</Unicode>
                </TextEquiv>
            </TextLine>
            <TextLine id="tr_1_tl_41" custom="readingOrder {index:41;}">
                <Coords points="249,2797 673,2855 1802,2861 1783,2793 1098,2803 249,2744"/>
                <Baseline points="259,2788 336,2797 413,2807 491,2816 568,2824 645,2827 723,2828 800,2830 877,2830 955,2830 1032,2834 1109,2836 1187,2839 1264,2841 1341,2839 1419,2842 1496,2842 1573,2845 1651,2845 1728,2843 1806,2845"/>
                <TextEquiv>
                    <Unicode>stolicum contrahendi matrimonij ritum ecclesia diu seruauit, ea qui-</Unicode>
                </TextEquiv>
            </TextLine>
            <TextLine id="tr_1_tl_42" custom="readingOrder {index:42;}">
                <Coords points="249,2873 642,2921 1808,2925 1806,2863 701,2859 247,2795"/>
                <Baseline points="259,2851 336,2861 414,2873 491,2882 569,2887 647,2891 724,2895 802,2895 880,2898 957,2898 1035,2902 1113,2904 1190,2904 1268,2904 1346,2905 1423,2904 1501,2906 1579,2908 1656,2910 1734,2910 1812,2910"/>
                <TextEquiv>
                    <Unicode>dem ratione, vt sacerdotibus &amp; diaconis liceret virginem habere vxo</Unicode>
                </TextEquiv>
            </TextLine>
            <TextLine id="tr_1_tl_43" custom="readingOrder {index:43;}">
                <Coords points="251,2984 1127,3042 1466,2989 1812,3005 1810,2935 1748,2921 1129,2939 249,2873"/>
                <Baseline points="259,2916 336,2928 414,2938 492,2950 570,2955 648,2960 725,2964 803,2964 881,2967 959,2970 1037,2970 1114,2973 1192,2976 1270,2976 1348,2976 1426,2976 1503,2976 1581,2976 1659,2978 1737,2976 1815,2973"/>
                <TextEquiv>
                    <Unicode>rem : quae si prior naturae cessisset, nequaquam fas esset viro alteram du-</Unicode>
                </TextEquiv>
            </TextLine>
            <TextLine id="tr_1_tl_44" custom="readingOrder {index:44;}">
                <Coords points="1444,3095 1489,3091 1503,3081 1510,3089 1530,3083 1547,3095 1557,3085 1569,3085 1565,2993 1504,2991 1487,3003 1467,2999 1454,3011 1440,3013"/>
                <Baseline points="1453,3042 1482,3044 1511,3045 1540,3045 1570,3048"/>
                <TextEquiv>
                    <Unicode>m.j.</Unicode>
                </TextEquiv>
            </TextLine>
            <TextEquiv>
                <Unicode></Unicode>
            </TextEquiv>
        </TextRegion>
        <TextRegion orientation="0.0" id="tr_2" custom="readingOrder {index:1;}">
            <Coords points="1827,723 1827,1925 2074,1925 2074,723"/>
            <TextLine id="tr_2_tl_1" custom="readingOrder {index:0;}">
                <Coords points="1820,814 1857,821 1940,812 2005,835 2026,812 2073,827 2067,716 2028,726 1989,759 1968,745 1946,757 1925,738 1905,743 1882,728 1866,747 1845,743 1818,757"/>
                <Baseline points="1830,797 1857,797 1884,797 1911,797 1938,798 1965,800 1992,802 2019,804 2046,805 2074,806"/>
                <TextEquiv>
                    <Unicode>I.Cor.7.b</Unicode>
                </TextEquiv>
            </TextLine>
            <TextLine id="tr_2_tl_2" custom="readingOrder {index:1;}">
                <Coords points="1816,1201 1833,1205 1847,1193 1868,1213 1898,1201 1927,1213 1950,1193 1985,1201 1997,1191 2018,1207 2067,1199 2065,1148 2034,1152 1975,1111 1954,1123 1921,1115 1876,1137 1861,1129 1814,1144"/>
                <Baseline points="1827,1182 1854,1182 1881,1182 1908,1182 1935,1183 1962,1185 1989,1187 2016,1189 2043,1190 2071,1191"/>
                <TextEquiv>
                    <Unicode>I.Tim.I.a</Unicode>
                </TextEquiv>
            </TextLine>
            <TextLine id="tr_2_tl_3" custom="readingOrder {index:2;}">
                <Coords points="1818,1423 1882,1423 1933,1388 1981,1417 2020,1399 2030,1407 2053,1401 2049,1325 2007,1323 1977,1345 1937,1320 1915,1322 1888,1300 1853,1327 1835,1318 1814,1327"/>
                <Baseline points="1827,1376 1852,1376 1878,1376 1903,1376 1929,1377 1954,1379 1980,1380 2005,1382 2031,1382 2057,1382"/>
                <TextEquiv>
                    <Unicode>I.Cor.7.e</Unicode>
                </TextEquiv>
            </TextLine>
            <TextLine id="tr_2_tl_4" custom="readingOrder {index:3;}">
                <Coords points="1816,1516 1882,1514 1896,1526 1962,1516 1991,1539 2016,1518 2065,1551 2063,1467 2030,1460 1977,1473 1931,1438 1896,1434 1868,1440 1845,1460 1814,1456"/>
                <Baseline points="1827,1504 1853,1504 1880,1504 1907,1504 1934,1505 1960,1507 1987,1507 2014,1508 2041,1512 2068,1510"/>
                <TextEquiv>
                    <Unicode>I.Cor.9.a</Unicode>
                </TextEquiv>
            </TextLine>
            <TextLine id="tr_2_tl_5" custom="readingOrder {index:4;}">
                <Coords points="1818,1901 1866,1917 1890,1896 1900,1903 1911,1892 1927,1903 1944,1894 1970,1915 2024,1931 2036,1917 2069,1915 2067,1818 2047,1816 2022,1843 1970,1851 1956,1843 1940,1851 1921,1831 1894,1824 1878,1837 1863,1826 1843,1835 1816,1828"/>
                <Baseline points="1827,1883 1854,1883 1881,1884 1909,1886 1936,1886 1964,1886 1991,1888 2019,1888 2046,1886 2074,1886"/>
                <TextEquiv>
                    <Unicode>4.Re.4.b</Unicode>
                </TextEquiv>
            </TextLine>
            <TextEquiv>
                <Unicode></Unicode>
            </TextEquiv>
        </TextRegion>
    </Page>
</PcGts>
