2479 3508
729 116 1305 258 LIBER QVINTVS.
1699 163 1786 250 82
173 237 1834 353 troitum. Et id quidem non immerito, quoniam ex illo vita tantum, ex
176 310 1828 419 hoc verò, vita sancta producitur. Ita apud Gentiles, idem dies quo quis
182 384 1819 489 sacris initiabatur, natalis sacrorum appellabatur, religiosoque ientacu
176 442 1817 562 lo celebrabatur. Vtrumque Apuleius lib. Asini XI testificatur inquiens:
178 502 1815 617 Ex hinc hinc festissimum celebraui natalem sacrorum, & suaues epulae, &
178 568 1811 719 faceta conuiuia, dies etiam tertius pari ceremoniarum ritu celebratus,
171 636 797 758 & ientaculum religiosum.
178 768 1813 882 Unde apud nostros, moris sit, spargere pecuniam in populum, dare epu
240 847 1803 962 lum, dare calendis lanuarijs strenam, ducere per vicos choreas,
240 892 1803 1028 cantorumque choros, aedere spectacula, exire calend. Maij in agros,
231 971 1792 1068 inde reportare ramos arborum virides, & eos ante fores ponere,
240 1045 1807 1144 currere cal. Martijs per agros, cum faculis accensis, & per domini-
237 1080 1809 1214 ca natalitia, seruum quempiam facere dominum, ac ante initium qua
240 1165 1811 1268 dragesimae induere personas, & sic personatos homines agere scur
231 1231 1805 1334 ras, & lymphaticis similes passim lasciuire, atque sese fartim ad vo
242 1282 644 1377 mitum saturare.
1148 1313 1450 1406 Caput II.
320 1355 1803 1476 Praeterea, quae proxime retulimus, ex eodem ethnicorum luxu-
320 1423 1799 1524 riae fonte manauit, vt cum coronantur summus pontifex, Im
330 1495 1801 1588 perator, & Rex aliive principes aliquo insigni honestantur ho
173 1540 1807 1669 nore, moris sit, spargere in populum non vestes, non vnguenta, id quod
167 1627 1803 1728 Romani Imperatores factitasse in superiori capite ostendimus, sed num-
163 1691 1799 1778 mos argenteos, vel aureos, quo sic futurae liberalitatis signum ab inita sta
173 1753 1805 1852 tim dignitate, appareat. Solent simul epulum, hoc est, publicum conuiuium
167 1819 1799 1910 ciuibus & praesertim in nuptijs, exhibere. Quod veteres praecipue Ro
165 1861 1799 1980 mani siue in triumphis, siue in ludis, siue in funere ad sepulchrum, pro hae
171 1941 1803 2034 reditatum facultatibus facere consueuerant. Iuue. Vnde epulum possis centum
163 2001 1499 2108 dare Pythagoreis. & Tranquillus idem passim attestatur. Est haud
159 2059 1794 2179 dubio procul & ab eisdem vsus dandi strenam, id est, munus, quod in prin-
163 2133 1794 2238 cipio anni boni ominis gratia datur. Quando idem Tranquil. refert equi-
167 2195 1792 2296 tes Romanos solitos fuisse quotannis strenam Augusto Caesari in Capi-
159 2274 1801 2364 tolio etiam absenti cal. Ianuarijs conferre, quod hodie etiamnum apud nos
165 2329 1799 2416 vbique seruatur, diuerso tamen modo. Itali enim summates viri dant infi-
161 2391 1801 2486 matibus. In Anglia verò inferiores deferunt strenam superioribus, & Re
167 2451 1805 2544 gi cuncti proceres, qui tamen dantibus aliquid contra redonant, quo liberali
157 2519 1799 2618 tas, ceu boni ominis nuntia mutuo communicetur. Imitamur & naui
155 2592 1801 2676 ter ipsos priscos in psallendo, saltandove. Quippe illi in statiuis ferijs fa-
161 2637 1799 2746 ctitabant, testificante Vergilio, ac dicente: Pars pedibus plaudunt choreas,
161 2705 1801 2806 & carmina dicunt. Idem: Immemores nostri festas duxere choreas. Sed
163 2771 1801 2879 & haec omnia Zacharias Pontifex simul testatur, simul prohibet in-
167 2835 1801 2953 quiens: Si quis calen. Ianuarij ritu paganorum, colere, vel aliquid plus no
165 2905 1807 3023 ui facere propter nouum annum, aut menses, cum lampadibus, vel epulas
