2479 3508
155 1671 473 1788 Mat. 26. d
155 1768 464 1871 Mar. 24.e
164 2144 480 2278 Roma. 2.c
1020 106 1728 240 DE INVENT. RERVM
482 238 2319 369 genera memorando, quae Gratianus distinctione octogesimaprima la
491 309 2308 432 te refert, quaeve non seruantes legem pudicitiae manebant, tragoediam
480 355 2312 508 scribere videamur aut recensendo sontes, qui illis affecti sint, longio-
482 429 2317 556 re reddamus memoria dignos, haec omnia silentio praeterire libuit. In-
485 503 2310 616 terim tamen de patrum seueritate in Damasum pontificem, eiusve
487 547 2319 671 calumniatores, referamus, quo legentes intelligant, quàm aspere aut
491 625 2312 741 duriter in reliquos gradus inferiores minima etiam criminis suspicio-
487 667 2312 812 ne attactos sit animaduersum. Is itaque autore Platina, cum iam pau
480 741 2310 868 latim honorum ambitio coepisset subire iuxta pontificum animos, &
489 808 2310 935 eorum, qui ad id decus anhelabant, magna suffragiorum discepta-
480 856 2317 990 tione, pontificatum adeptus est, Vrsicino competitore superato. Quare
485 921 2312 1036 haud multo post adulterij accusatur multa cum indignitate, & perso
489 985 2314 1119 nae, quam sustinebat, sugillatione, simumlque cogitur, in publico antisti
491 1048 2310 1179 tum conuentu, adulterij causam dicere, sed criminis minime reus ab-
489 1115 2319 1244 soluitur. Calumniatores verò Concordius scilicet & Calistus damnati
480 1193 2319 1306 sunt, & ab ecclesia reiecti. Cautum praeterea lege est, vt deinceps poe
482 1258 2317 1348 nam talionis subirent, qui aliquem falso accusassent. Per haec igitur sa-
494 1322 2319 1421 cerdotium sine probro, domi forisque sanctissime gerebatur habeba-
498 1378 2317 1486 turque venerationi, ac quaeque sacerdotum casta, pudicitiam serua-
494 1431 2328 1546 bat domus quae liberos habebat, in subiectione, cum omni reueren-
491 1521 2324 1599 tia, quibus parentes recte praeerant. At vbi tandem occidentalis ec-
494 1569 2321 1657 clesia legem recepit, qua connubium sibi est abrogatum, tum castitas
498 1636 2319 1733 sacerdotalis, quam antea nefas ac non sine certa noxa fuerat violare,
498 1710 2319 1798 magis coli, quàm custodiri coepit titillante carne, quae (vt Saluator ait)
487 1791 2326 1874 infirma est, & eo vsque incontinentia erupit, vt leges ipsae inter quoti
501 1825 2321 1911 diana adulteria, stupra, & illa quidem aperta (de occultis enim, quo-
498 1897 2321 1984 rum deus vindex est, nequaquam fari licet) iam propè sileant. Quod
503 1968 2324 2051 praecipue fit, quoniam multi fortassis illorum, qui debent alios doce-
498 2031 2326 2102 re, seipsos non docent, & praedicare, non esse adulterandum, adulterium
498 2091 2321 2164 committunt. Atque sic per transgressionem legis, illi in primis deum (sicut
515 2155 2326 2252 perhibet Apostolus) dehonestant. Vnde soluta omni antiqua caste vi-
494 2218 2321 2312 uendi disciplina, nouum inferioribus est praeuaricandi datum exem-
505 2282 2328 2388 plum, qui ad id vrgente simul voluptatum titillatione, suorum superiorum
505 2337 2337 2427 vestigia nauiter sequi, non temere cogi quandoque possent. Quoniam (vt
494 2407 2337 2494 diuus dicit Hieronymus) impossibile est in sensum hominis non irruere
498 2474 2328 2584 motum medullarum calore. Sic illi accidit, qui de carnis petulantia con-
496 2534 2331 2658 querens, de seipso scribit, Ille igitur ego qui ob gehennae metum, tali me
494 2603 2333 2707 carcere damnaueram, scorpionum tantum socius, & ferarum, saepe
489 2663 2335 2760 choris intereram puellarum. Pallebant ora ieiunijs, & mens desiderijs
491 2725 2328 2834 aestuabat, in frigido corpore, & ante hominem sicca iam carne prae-
482 2799 2328 2907 mortuum, sola libidinum incendia bulliebant. & reliqua. Ille proinde
482 2859 2337 3041 laudatur merito, beatusve iudicatur, qui ab hac se voluptate absti-
