2479 3508
723 74 1268 229 LIBER SEXTVS.
1666 143 1779 232 94
165 212 1853 363 terpretantur. Quo facto ad suas confictas quaestiunculas trahuntur. Ibi
160 284 1841 422 digladiantur, velut furoribus acti sese macerant: detorquentes quò vo
160 358 1848 479 lunt sacram scripturam, conuitia dicunt, omniaque clamoribus miscent.
158 422 1848 548 Mox euanescente furore ad humiliora veniunt, de ratione annonae, de
163 484 1846 597 institoribus tractant. Item nunc iocos spargunt, nunc captant, circula
163 555 1838 666 tores plane agunt, & ob illud ipsum ab insipida ac bruta plebe collau
153 619 1833 735 dantur. Atque hic concionandi modus & frequentius vsurpatur, & vul-
158 686 1831 797 go summus habetur. Sed vtinam non peiora crebro disseminent. Vt enim
151 748 1836 871 nullum hominum genus est salutarius ecclesiae, si vera canant: contrâ sic
148 814 1831 930 non est pestilentius aliud, si ad gratiam conciones ad populum habeant.
153 869 1821 997 Quippe vbi semel sanctitatis nomen sunt adepti, tum maxime nocent,
151 943 1828 1049 quia eis maxime creditur. Facessant proinde qui docere nihil volunt
153 1009 1826 1118 quo melius viuatur. At nonnulli quorum interest hoc fungi officio nil
151 1071 1823 1179 omnino docent, adeò vt iuxta prouerbium, canes muti non iniuria appel
141 1162 1819 1251 lari possint, Ita aut vanitate aut silentio CHRISTVM obsolescere inter
148 1194 1819 1323 pium populum sinunt. Sed ad rem vnde hoc diuerticulum excessimus, re-
141 1263 1821 1387 uertamur. Praeter haec, vt deo chariores fiamus, omnique macula carea-
146 1325 1826 1456 mus: misericordiam dei semper imploremus, nihilque aliud precemur, ni
141 1389 1821 1520 si nostris ac fidelium omnium peccatis veniam, licet nulla sint, quamuis
138 1453 1819 1579 aliud quicquam desideremus. Non enim est opus deo scienti quid ve-
143 1530 1809 1646 limus referre. Si quid boni euenerit, gratias agamus: si quid mali, satis-
136 1587 1819 1695 faciamus: & illud nobis ob peccata nostra fateamur euenisse, vt idem
136 1651 1809 1762 semper stabiles deprecatores agamus. Haec omnia Apostolus admo-
136 1720 1816 1841 net, inquiens: Adhortor igitur, vt ante omnia fiant deprecationes, ora
136 1789 1811 1910 tiones, postulationes, gratiarum actiones, pro omnibus hominibus, pro
126 1848 1819 1959 regibus, & omnibus in eminentia constitutis, vt placidam ac quietam vitam
133 1915 1819 2033 degamus, in sola pietate & honestate acquiescentes. Quid quòd nihil ab
133 1969 1819 2105 his diuersa traduntur ab Ethnicis? Socratici enim & Platonici item quique
128 2036 1809 2142 apud omnes ferè gentes sapientissimi deum ante omnia adorandum dicunt.
138 2088 1811 2218 Vnde Poeta: In primis venerare deos. Praeterea Pythagoras in carmi-
133 2162 1811 2295 nibus aureis, & Orpheus in hymnis docent, à dijs iusta & modesta esse
136 2228 1811 2329 petenda, caetera deum non audire: Vt merito nos ad certiorem spem voca-
131 2297 1806 2406 tos pudeat, si circa haec illis priscis negligentiores simus. Sed ad sacrifi-
131 2354 1809 2477 cium veniamus, quod (vt Lactantius tradit) est adorare & colere deum,
126 2403 2058 2551 & eudem semper habere in corde consecratum: quoniam dei templum
123 2458 1811 2611 sumus, quod ipsi deo debemus. Hoc sacrificium saluator noster deo pa
123 2551 1814 2667 tri obtulit pro salute nostra: reliquitque nobis illud idem faciendum. Is
123 2613 1816 2739 qui omnia quae ventura erant ab aeterno nouerat, postea quàm appro
126 2662 1823 2791 pinquare tempus viderat, quo pati oportebat, affatur discipulos quos in
116 2734 1814 2847 totius mysterij sibi testes delegerat, qui mox omnia quae facta essent in
121 2796 2102 2924 omnes gentes pia praedicatione vulgarent. Pascha, inquit, dilectissimi
121 2852 1814 3035 post biduum (vt scitis) fiet: & iam simul illud futurum est, yt Iudais tra
1424 2968 1567 3067 n.ij.
1823 1690 2078 1796 1. Thi.2.a
1846 2525 2059 2561 1. Cor. 3.c
1846 2913 2097 2944 Matt. 26.a
