2479 3508
808 128 1338 280 LIBER QVINTVS.
1654 213 1741 302 98
326 256 1790 417 quod in his seruetur memoria legis,sicut apud nos regulae iuris haben
320 346 1777 465 tur. Synagoga conciliabulum à nostris dictur. Nos etiam Graia voce
320 415 1784 526 ecclesiam vocamus. Mammona (vt probat Hieronymus) Syriacum est
320 474 1782 602 nomen singularis numeri, generis masculini, & apud nos diuitias si-
319 537 1782 667 gnificat Ethnicus vox Graeca & gentilem sonat. Proselytus Graecum
317 600 1777 724 verbum nobis aduena. Sicenim illum vocabant Hebraei, quem ex alie
311 669 1775 793 na natione in suae legis consortium recepissent. Scandalizare Graeca vox
313 730 1778 858 Latine est offendere, sicut Angariare persica, & significat adigere, con-
320 795 1769 915 pellere. Golgoltha Syrum est verbum, non Hebraeum, & Hieronymus osten-
319 860 1771 989 dit sonare locum calui siue caluariae. Ita dictus est locus Hierosolymis,
308 921 1777 1065 septemtrionalem partem montis Sion, quod in eo iacerent capita ho-
313 986 1780 1113 minum damnatorum. Sunt, qui dicant Adam illic sepultum, vnde lo
311 1050 1784 1182 co inditum sit nomen. Eam tamen fabulam respuit Hieronymus, cum
311 1110 1780 1249 Adam in Arba iuxta Hebron sepultum esse constet. Corbona, quam
308 1173 1769 1310 alias vocant Gazophylacium nomen ex dictione persica & Graeca com
317 1239 1778 1365 positum, & significat arcam in qua seruabantur templi pecuniae, seu
309 1306 1777 1434 munera, quae vsui erant ministris. Nam corban ex testimonio losephi,
313 1363 1786 1506 quod in superiore libro citauimus, cum de rasione capitis Nazaraeorum
313 1428 1780 1560 sermo fuit, apud Hebraeos significat munus, vnde corbona dicta vide
313 1510 1777 1632 tur. Geenna vallis erat, vbi loci filij Israel, erectis templis, sacrificabant
304 1567 1782 1689 idolo, quam deus (vti in Ieremia legitur) comminatus est se mor-
315 1639 1769 1745 tuorum cadaueribus impleturum. Apud nos pro loco inferorum ac-
308 1702 1778 1817 cipitur. Diabolus Graecum verbum designat delatorem, siue calum-
304 1762 1777 1888 niatorem. Beelzebub, Hieronymus docet idem esse Bel, Beel & Baal,
304 1823 1780 1953 & sonare Hebraeis idolum, & Zebub muscam, quasi dicas idolum mu-
308 1893 1782 2019 scae, & sic hoc nomine spurcissimum fuisse idolum. Abyssus Graeca vox,
304 1954 1777 2066 Latine vorago dicitur. Phantasma Graecis visum per somnum videre
308 2016 1782 2130 est, Latine spectrum dicitur, sed ne per haec peregrina longius gradien-
309 2086 1784 2197 tes visum etiam nos videre videamur, iam ad finem veniamus. Amen
317 2143 1782 2262 vox Hebraea est, Latinéque sonat (sicut declarat Aquila) vere, siue fe-
311 2197 1791 2327 liciter, vel fiat Hieronymo teste in psalterio, vbi ait, fiat fiat, Hebraeis le
313 2277 1784 2393 gitur amen amen. Erat quippe germanum consimiléque Hebraeorum in-
304 2342 1786 2455 stitutis, in gentilium religione. Idem valebat feliciter (quod supra ex
306 2403 1784 2506 Apuleij lectione refertur) atque hic amen, quo significatur, vt ea quae
308 2445 1793 2568 supra sunt vere dicta, confirmentur. Super ea re, extat breuis epistola
306 2523 1775 2645 diui Hieronymi ad Marcellam. Apud ipsos Hebraeos, in fine librorum,
313 2579 1790 2697 vnum ex tribus solebat subnecti, aut amen scribebant, aut solla, quod
308 2647 1790 2773 tansfertur semper, aut salon, quod exprimit pacem. Ita nos quoque
304 2714 1784 2827 completis opusculis, ad distinctionem rei alterius subsequentis, sole-
308 2782 1795 2888 mus interponere explicit, aut feliciter, aut aliquid istiusmodi. Haec pau
309 2845 1790 2971 cula libuit exponere, vt vnicuique sacris operaturo obuium esset eius-
298 2895 960 3027 modi verborum significatum.
1801 1223 2001 1310 Luc.21.a
1802 1595 2010 1710 Ier.19.b
