2479 3508
336 1352 586 1451 Luc.22.e
338 1601 621 1726 Leuit.9.d
342 1740 610 1847 Luc.24.g
346 2567 598 2686 Ruth.2.a
1150 93 1809 263 DE INVENT.RERVM.
627 222 2227 447 ab vno integrum, neque in eam formam ordinatum, qua modo constat.
635 325 2240 495 Cuius rei vel fidem facit, quod Alexander primus qui Gelasium & Syr
635 370 2236 554 cium longo temporis interuallo praecessit, ob memoriam passionis CHRI-
643 459 2229 616 STI posuit: Qui pridie quàm pateretur, vsque ad illa verba: Hoc est cor
637 515 2240 683 pus meum. Quo circa satis liquet, illum tum canonis fuisse principium
643 584 2238 734 quando (sicut diximus) Gelasius circiter trecentos sexaginta & eo au
643 635 2236 796 plius annos post Alexandrum sedit. Leo deinde adiecit: Hanc igitur obla
631 718 2238 873 tionem. vsque, placatus accipias. Gregorius tres subiunxit postulationes,
625 774 2236 920 scilicet: Diesque nostros in tua pace disponas, Atque ab aeterna damna-
629 849 2238 978 tione nos eripi, Et in electorum tuorum iubeas grege numerari. Eius-
631 918 2242 1041 dem quoque primi Leonis est, Sanctum sacrificium, immaculatam hostiam.
631 972 2240 1096 Sic alij alia addiderunt. Finito canone dicitur: Pax domini. Hic osculum
641 1027 2240 1160 pacis datur, inter sacerdotes mutuo: quod Innocentij primi inuentum
637 1112 2244 1221 est, velut Leonis secundi, vt pax in sacrorum ceremonijs astanti popu-
627 1170 2240 1279 lo circumferretur. Et vtrunque ex imitatione saluatoris, qui consueuerat
631 1225 2240 1348 suos, praesertim discipulos abeuntes, vel ad se redeuntes deosculari, id
633 1304 2240 1399 quod Iudas proditor significantius declarauit, qui praeceptorem (vt in
635 1360 2238 1465 Euangelicis literis legitur) osculo tradidit. Solent item sacerdotes no-
639 1423 2238 1532 stri peractis sacris benedicere populo, dextera manu in eum exten-
631 1494 2238 1605 sa, ac in signum crucis circunducta. Quod episcopi inter sacrifican-
643 1564 2240 1643 dum, & pontifices Romani aliive maiores antistites, etiam inter eun-
643 1625 2240 1726 dum factitant. Id quod ab Hebraeis est. Quippe in Leuitico legimus
641 1706 2227 1781 Aaron post factam rem diuinam consueuisse extendere manum in
649 1763 2236 1849 populum, ac illi benedicere. Seruauit vel hunc ritum saluator noster
649 1831 2233 1910 CHRISTVS, quem Lucas ait paulo ante quàm coelum repetisset,
633 1870 2233 1953 eleuatis manibus benedixisse suis discipulis. Sed ad rei diuinae ratio-
633 1955 2238 2039 nem reuertamur. At reliquas antiphonas Graeci, responsoria ve-
627 2017 2242 2086 rò quae nouitio quidem vocabulo sic dicunt (vt Rabanus sentit) Itali
633 2084 2233 2161 primum inuenisse traduntur. Sunt qui responsorium etiam gradale
643 2145 2231 2217 vocent, quod iuxta gradus pulpiti cantetur. Caeterum Gelasius & Gre-
639 2207 2233 2286 gorius multas orationes & cantus varios adinuenere, ac lectionibus
633 2274 2240 2361 & Euangelijs responsoria, id est, offertoria quae dicuntur, connexue-
627 2331 2233 2426 runt: vel Gregorius ipse quasi de integro modum operandi sacris aedi-
625 2395 2238 2482 dit. Fecit illud ipsum & Ambrosius Mediolanensis antistes: Quapro-
639 2456 2233 2543 pter habito mox episcoporum conuentu, decretum fuit, vt quae Am-
631 2518 2240 2591 brosius digessisset, Mediolanensis tantum ecclesia (sicut hodie fit) ser-
627 2583 2238 2680 uaret, & Gregoriano instituto reliquae vterentur ecclesiae. Domi-
625 2646 2240 2747 nus vobiscum, salutationem sumptam constat ex eo, quod Boos siue Booz
621 2710 2238 2803 salutasset in haec verba suos messores, sicuti Benedicamus domino in-
614 2773 2233 2852 de videtur translatum, quia ipsi messores sic resalutassent Booz, prout
612 2836 2233 2917 in libro Ruth legitur. Et haec omnia ex Eusebio, Bibliothecario, Paulo
604 2913 1564 3030 Diacono, Damaso, Rabano, & Platina. Quod vero sacerdos, dicen-
