2479 3508
1224 121 1907 222 DE INVENT. RERVM
697 167 2343 395 Quod cunctae fere gentes quondam daemonibus malis humanas im-
790 296 2337 453 molabant hostias. Et quomodo illi ambiguis mortales fallerent re-
790 366 2346 525 sponsis. Et quando primum eorum oracula defecerint, ae de pri-
792 430 2337 578 mo vsu aquae, quam dicimus sanctam, qua ipsi apud nos fugan-
800 469 1181 566 tur daemones.
1658 490 1852 578 Caput VIII.
876 549 2343 695 Sed age iam dicamus de dijs gentium, deque eorum sacrificijs ac
887 625 2346 770 mysterijs: qui tamen tantum aberat, vt dij essent, vt etiam Ca-
893 687 2343 821 codaemones agerent, nullave alia hostia quàm humana litari
714 753 2341 897 vellent, quasi cruoris humani repleti tum demum propitij essent, cum ma
710 815 2356 959 xime laesissent. O dementiam hominum, ò infelicem vitam. Ecqui erant
706 872 2350 1014 isti dij, qui suos cultores parricidijs inquinabant, omnibus generatim
702 936 2358 1082 malo erant? Pater filium vnicum, mater dilectam filiam daemonijs tam-
714 1021 2348 1138 quam ouem mactabant. Rhodij hominem Saturno immolabant. In Sa
708 1068 2350 1214 lamine insula, homo Agraualae Cecropis filiae caedebatur. Diomedi in
710 1138 2343 1267 templo Palladis, quod etiam ipsi Diomedi & Agraualae commune erat,
710 1206 2343 1337 homo offerebatur, qui ab adulescentibus ter circum aram ductus tan-
714 1282 2343 1376 dem à sacerdote hasta percussus, & in rogo impositus cremabatur.
708 1335 2350 1448 Apud Cypros humanam hostiam Ioui Teucrus immolauit, idque genus
712 1389 2341 1527 sacrificij posteris tradidit, quod postea imperante Hadriano est subla-
708 1475 2354 1590 tum. Erat lex apud Tauros gentem inhumanam, feramque vti Dianae
714 1525 2356 1646 hospites immolarentur. Galli Hesum atque Teutatem humano cruore
726 1588 2354 1712 placabant. Vnde Lucanus: E quibus immitis placatur sanguine diro
724 1654 2358 1774 Teutates horrensque féris altaribus Hesus. Apud Chios Dionysio Oma
724 1712 2348 1823 dio dicto homo etiam crudeliter discerptus immolabatur. Apud AEgy-
732 1788 2358 1895 ptios (vti legitur apud Manethum historicum) in Heliopoli tres in die
720 1858 2358 1959 homines quos inquirebant, si mundi essent, Iunoni mactabant. Lace
726 1911 2352 2004 daemonios etiam Apollodorus scribit hominem Marti immolare solitos.
720 1973 2358 2080 Phoenices bellorum aut pestilentiae calamitatibus laborantes amicissi-
716 2037 2352 2148 mos Saturno solebant immolare. Histrus qui res Cretensium scripsit,
720 2111 2358 2208 autor est Curetas antiquitus Saturno puerorum hostijs sacra fecisse. In
726 2167 2354 2269 Laodicea Syriae vrbe Palladi virgo immolabatur. Et apud Arabas in
718 2232 2350 2323 singulos annos puer immolatus sub ara sepeliebatur. Item Thraces,
722 2292 2358 2387 Scythae, Carthaginenses, & omnes ferè Graeci, cum praesertim in bella
728 2370 2356 2448 essent exituri (vt Philarchus tradit historicus) hominem mactantes sa
726 2436 2356 2508 crificabant. Item Gallis mos fuit, vt qui erant affecti grauioribus mor
726 2481 2362 2580 bis, quique in praelijs periculisque versabantur, aut pro victimis homines
722 2555 2368 2644 immolarent, aut seipsos immolaturos vouerent. Germani itidem Mer
720 2627 2362 2695 curio certis diebus humanis litare hostijs fas habebant. Autores Caesar
726 2677 2358 2784 & Tacitus. Quid quod illud idem omnes communiter barbari factita-
726 2739 2372 2821 bant? At Romani qui semper mansuetudinis, & humanitatis gloriam
716 2817 2370 2913 sibi vindicarant, nonne sacrilegis his sacris immaniores reperiuntur?
724 2874 2364 3012 Siquidem Saturnus in Latio eodem genere sacrifici cultus est, non quidem
