<?xml version="1.0" encoding="UTF-8" standalone="yes"?>
<PcGts xmlns="http://schema.primaresearch.org/PAGE/gts/pagecontent/2013-07-15" xmlns:xsi="http://www.w3.org/2001/XMLSchema-instance" xsi:schemaLocation="http://schema.primaresearch.org/PAGE/gts/pagecontent/2013-07-15 http://schema.primaresearch.org/PAGE/gts/pagecontent/2013-07-15/pagecontent.xsd">
    <Metadata>
        <Creator>prov=READ-COOP:name=PyLaia@TranskribusPlatform:version=2.25.0:model_id=39995:lm=none:date=04_04_2025_06:08</Creator>
        <Created>2025-04-02T18:51:49.493+02:00</Created>
        <LastChange>2025-04-15T14:46:14.657+02:00</LastChange>
        <TranskribusMetadata docId="7752951" pageId="94469617" pageNr="15" tsid="238884584" status="NEW" userId="371030" imgUrl="https://files.transkribus.eu/Get?id=KHWWQSJREPFWUGPZXECXDJLR&amp;fileType=view" xmlUrl="https://files.transkribus.eu/Get?id=FKIEPOMFPEBVXXNNPVAGOEXA" imageId="79006610"/>
    </Metadata>
    <Page imageFilename="94469617.jpg" imageWidth="2479" imageHeight="3508">
        <ReadingOrder>
            <OrderedGroup id="ro_1744721174657" caption="Regions reading order">
                <RegionRefIndexed index="0" regionRef="tr_1"/>
                <RegionRefIndexed index="1" regionRef="tr_3"/>
            </OrderedGroup>
        </ReadingOrder>
        <TextRegion orientation="0.0" id="tr_1" custom="readingOrder {index:0;}">
            <Coords points="271,209 271,2999 1856,3003 1904,209"/>
            <TextLine id="tr_1_tl_1" custom="readingOrder {index:0;}">
                <Coords points="786,261 1372,261 1370,152 1218,166 1192,143 1063,168 1020,147 784,184"/>
                <Baseline points="797,244 827,242 857,241 888,241 918,241 949,240 979,238 1010,240 1040,240 1071,238 1101,240 1132,241 1162,241 1193,241 1223,241 1254,241 1284,241 1315,244 1345,246 1376,244"/>
                <TextEquiv>
                    <Unicode>LIBER QVINTVS.</Unicode>
                </TextEquiv>
            </TextLine>
            <TextLine id="tr_1_tl_2" custom="readingOrder {index:1;}">
                <Coords points="1723,279 1745,279 1761,293 1774,293 1790,279 1818,283 1820,206 1808,208 1802,204 1794,210 1786,202 1780,206 1774,200 1759,200 1735,220 1725,220"/>
                <Baseline points="1734,268 1764,264 1794,263 1824,265"/>
                <TextEquiv>
                    <Unicode>97</Unicode>
                </TextEquiv>
            </TextLine>
            <TextLine id="tr_1_tl_3" custom="readingOrder {index:2;}">
                <Coords points="287,416 764,343 1881,376 1903,297 1012,299 848,250 287,315"/>
                <Baseline points="298,403 378,380 458,364 538,354 619,345 699,340 779,334 860,331 940,331 1020,334 1101,334 1181,334 1261,339 1341,343 1422,346 1502,346 1582,346 1663,346 1743,347 1823,350 1904,358"/>
                <TextEquiv>
                    <Unicode>solebant cotidie eucharistiae sacramentum sumere, dicente Luca in actis,</Unicode>
                </TextEquiv>
            </TextLine>
            <TextLine id="tr_1_tl_4" custom="readingOrder {index:3;}">
                <Coords points="285,475 731,410 1885,446 1852,364 1273,347 648,356 287,416"/>
                <Baseline points="295,459 374,443 454,427 534,418 614,411 694,405 774,400 853,398 933,400 1013,400 1093,400 1173,406 1253,406 1333,409 1412,413 1492,414 1572,414 1652,415 1732,417 1812,417 1892,414"/>
                <TextEquiv>
                    <Unicode>Erant autem perseuerantes in doctrina Apostolorum, &amp; comunicatio-</Unicode>
                </TextEquiv>
            </TextLine>
            <TextLine id="tr_1_tl_5" custom="readingOrder {index:4;}">
                <Coords points="285,535 794,471 1891,499 1891,440 1153,410 731,408 285,475"/>
                <Baseline points="295,522 375,506 455,487 535,479 615,473 695,468 775,465 855,465 935,468 1015,468 1095,468 1175,468 1255,473 1335,475 1415,478 1495,480 1575,486 1655,486 1735,486 1815,487 1895,489"/>
                <TextEquiv>
                    <Unicode>ne, &amp; fractione panis. Id salutare institutum postea primus omnium</Unicode>
                </TextEquiv>
            </TextLine>
            <TextLine id="tr_1_tl_6" custom="readingOrder {index:5;}">
                <Coords points="285,600 822,537 1885,566 1885,501 1614,525 1149,477 285,535"/>
                <Baseline points="295,582 374,563 454,549 534,542 613,538 693,533 773,528 852,534 932,534 1012,537 1092,537 1171,537 1251,540 1331,545 1410,549 1490,549 1570,552 1649,552 1729,555 1809,555 1889,555"/>
                <TextEquiv>
                    <Unicode>suo decreto renouauit Anacletus, iussitque, vt qui nollent, tanquam im</Unicode>
                </TextEquiv>
            </TextLine>
            <TextLine id="tr_1_tl_7" custom="readingOrder {index:6;}">
                <Coords points="299,650 681,602 1850,646 1887,640 1885,570 590,545 297,604"/>
                <Baseline points="310,638 389,623 468,611 547,603 626,598 705,600 784,599 863,600 942,600 1021,603 1101,603 1180,606 1259,606 1338,611 1417,613 1496,618 1575,618 1654,620 1733,621 1812,621 1892,623"/>
                <TextEquiv>
                    <Unicode>pij e facris aedibus eliminarentur, quemadmodum Victor mandauit il</Unicode>
                </TextEquiv>
            </TextLine>
            <TextLine id="tr_1_tl_8" custom="readingOrder {index:7;}">
                <Coords points="281,715 743,671 1881,705 1881,640 1822,632 687,608 281,650"/>
                <Baseline points="292,701 371,688 451,674 531,667 610,664 690,659 770,659 849,662 929,665 1009,668 1089,671 1168,671 1248,673 1328,677 1407,683 1487,683 1567,683 1646,686 1726,688 1806,690 1886,695"/>
                <TextEquiv>
                    <Unicode>lis qui sumpturi essent sacramentum, si ob acceptam iniuriam, aut vetus</Unicode>
                </TextEquiv>
            </TextLine>
            <TextLine id="tr_1_tl_9" custom="readingOrder {index:8;}">
                <Coords points="279,776 602,735 1899,770 1881,701 966,673 551,677 279,733"/>
                <Baseline points="289,764 369,749 450,738 531,731 612,728 692,731 773,728 854,728 935,731 1015,731 1096,737 1177,737 1258,740 1338,741 1419,746 1500,749 1581,751 1661,752 1742,755 1823,756 1904,758"/>
                <TextEquiv>
                    <Unicode>odium, reconciliari prius recusassent, sacris interdici. Verum frigescen</Unicode>
                </TextEquiv>
            </TextLine>
            <TextLine id="tr_1_tl_10" custom="readingOrder {index:9;}">
                <Coords points="285,836 586,798 1883,834 1852,770 1054,741 608,735 285,790"/>
                <Baseline points="295,826 374,813 454,797 533,791 613,791 692,791 772,791 851,791 931,796 1010,800 1090,803 1170,806 1249,808 1329,811 1408,813 1488,815 1567,818 1647,821 1726,822 1806,824 1886,824"/>
                <TextEquiv>
                    <Unicode>te paulatim deinceps hominum pietate, illud antiquatum est. Ex quo Ze</Unicode>
                </TextEquiv>
            </TextLine>
            <TextLine id="tr_1_tl_11" custom="readingOrder {index:10;}">
                <Coords points="287,915 636,863 1875,901 1828,836 1525,820 285,834"/>
                <Baseline points="295,883 374,870 453,860 532,855 612,853 691,853 770,856 849,856 929,859 1008,862 1087,867 1166,872 1246,875 1325,880 1404,880 1483,883 1563,884 1642,886 1721,889 1800,894 1880,889"/>
                <TextEquiv>
                    <Unicode>phyrinus qui centesimo circiter post anno Anacletum est insecutus, sta-</Unicode>
                </TextEquiv>
            </TextLine>
            <TextLine id="tr_1_tl_12" custom="readingOrder {index:11;}">
                <Coords points="285,962 713,925 1804,988 1875,972 1873,903 618,861 283,915"/>
                <Baseline points="295,946 374,935 453,923 532,921 612,919 691,919 770,919 849,923 929,928 1008,928 1087,933 1166,938 1246,943 1325,946 1404,948 1483,951 1563,952 1642,952 1721,955 1800,958 1880,958"/>
                <TextEquiv>
                    <Unicode>tuit vt omnes Christiani nominis qui pubertatis annos attigissent, mi</Unicode>
                </TextEquiv>
            </TextLine>
            <TextLine id="tr_1_tl_13" custom="readingOrder {index:12;}">
                <Coords points="275,1020 642,988 1871,1038 1840,968 832,960 711,925 275,976"/>
                <Baseline points="286,1006 365,995 444,986 524,982 603,982 683,982 762,987 841,989 921,992 1000,997 1080,1002 1159,1006 1238,1009 1318,1009 1397,1014 1477,1017 1556,1017 1635,1018 1715,1021 1794,1024 1874,1030"/>
                <TextEquiv>
                    <Unicode>nimum semel quotannis caperent, paschali die. Fabianus verò vt ter</Unicode>
                </TextEquiv>
            </TextLine>
            <TextLine id="tr_1_tl_14" custom="readingOrder {index:13;}">
                <Coords points="275,1077 762,1058 1830,1113 1860,1034 640,988 273,1026"/>
                <Baseline points="286,1068 365,1057 444,1051 523,1047 602,1047 681,1047 760,1049 839,1051 918,1053 997,1059 1077,1064 1156,1069 1235,1071 1314,1074 1393,1077 1472,1081 1551,1084 1630,1086 1709,1086 1788,1089 1868,1086"/>
                <TextEquiv>
                    <Unicode>id fieret, postea sanxit. Sed Zephyrini decretum, vt factu minus diffi-</Unicode>
                </TextEquiv>
            </TextLine>
            <TextLine id="tr_1_tl_15" custom="readingOrder {index:14;}">
                <Coords points="279,1135 1866,1162 1864,1113 1800,1101 669,1054 277,1085"/>
                <Baseline points="289,1131 368,1118 447,1113 526,1110 605,1110 684,1112 763,1116 842,1116 921,1119 1000,1125 1080,1127 1159,1131 1238,1135 1317,1137 1396,1142 1475,1144 1554,1149 1633,1149 1712,1149 1791,1155 1871,1152"/>
                <TextEquiv>
                    <Unicode>cile tenuit constantius, quod Innocentius tertius deinceps sua corro-</Unicode>
                </TextEquiv>
            </TextLine>
            <TextLine id="tr_1_tl_16" custom="readingOrder {index:15;}">
                <Coords points="273,1196 1868,1234 1864,1164 705,1119 271,1145"/>
                <Baseline points="283,1191 362,1180 441,1174 521,1173 600,1173 680,1173 759,1175 838,1180 918,1183 997,1188 1077,1190 1156,1195 1235,1198 1315,1203 1394,1206 1474,1209 1553,1210 1632,1212 1712,1215 1791,1220 1871,1224"/>
                <TextEquiv>
                    <Unicode>borauit autoritate. Eucharistia autem in templis continenter adserua</Unicode>
                </TextEquiv>
            </TextLine>
            <TextLine id="tr_1_tl_17" custom="readingOrder {index:16;}">
                <Coords points="273,1275 606,1240 1860,1307 1858,1234 1804,1226 271,1196"/>
                <Baseline points="283,1253 362,1245 441,1238 520,1236 599,1236 678,1238 757,1240 836,1242 915,1244 994,1250 1074,1255 1153,1259 1232,1263 1311,1265 1390,1268 1469,1272 1548,1277 1627,1277 1706,1282 1785,1283 1865,1295"/>
                <TextEquiv>
                    <Unicode>tur ad aegrotantium commoditatem, vt ne sine eo viatico, hinc abeant,</Unicode>
                </TextEquiv>
            </TextLine>
            <TextLine id="tr_1_tl_18" custom="readingOrder {index:17;}">
                <Coords points="277,1325 1862,1361 1860,1309 1808,1293 541,1240 275,1273"/>
                <Baseline points="286,1313 369,1304 452,1296 535,1298 618,1298 701,1302 784,1304 867,1310 950,1312 1033,1318 1117,1322 1200,1326 1283,1331 1366,1334 1449,1340 1532,1340 1615,1343 1698,1346 1781,1347 1865,1349"/>
                <TextEquiv>
                    <Unicode>(vti de Consecratione dist. prima extat) Quod mox placitum Innocen-</Unicode>
                </TextEquiv>
            </TextLine>
            <TextLine id="tr_1_tl_19" custom="readingOrder {index:18;}">
                <Coords points="269,1384 1650,1416 1770,1460 1852,1440 1850,1368 614,1307 267,1341"/>
                <Baseline points="280,1370 358,1366 437,1362 516,1361 595,1361 674,1363 753,1366 831,1371 910,1373 989,1378 1068,1384 1147,1388 1226,1391 1305,1397 1383,1400 1462,1404 1541,1406 1620,1409 1699,1411 1778,1416 1857,1421"/>
                <TextEquiv>
                    <Unicode>tius tertius &amp; Honorius item tertius confirmarunt. Haec ex Eusebio,</Unicode>
                </TextEquiv>
            </TextLine>
            <TextLine id="tr_1_tl_20" custom="readingOrder {index:19;}">
                <Coords points="271,1471 450,1434 661,1479 802,1442 1170,1499 1256,1464 1650,1485 1636,1418 269,1392"/>
                <Baseline points="280,1433 348,1430 417,1424 486,1424 555,1424 624,1427 692,1428 761,1432 830,1434 899,1438 968,1443 1036,1449 1105,1451 1174,1453 1243,1458 1312,1459 1380,1465 1449,1468 1518,1470 1587,1472 1656,1477"/>
                <TextEquiv>
                    <Unicode>Clemente, Gregorio, Rabano, Gratiano, Blondo, &amp; Platina.</Unicode>
                </TextEquiv>
            </TextLine>
            <TextLine id="tr_1_tl_21" custom="readingOrder {index:20;}">
                <Coords points="271,1572 1331,1590 1679,1638 1862,1622 1858,1541 903,1533 669,1473 267,1505"/>
                <Baseline points="280,1555 359,1555 438,1550 517,1550 597,1552 676,1558 755,1561 834,1565 914,1570 993,1573 1072,1575 1151,1580 1231,1585 1310,1585 1389,1590 1468,1594 1548,1597 1627,1600 1706,1606 1785,1611 1865,1609"/>
                <TextEquiv>
                    <Unicode>Quare nonnulla tam Hebraica quàm Graeca vel Syriaca verba in mis</Unicode>
                </TextEquiv>
            </TextLine>
            <TextLine id="tr_1_tl_22" custom="readingOrder {index:21;}">
                <Coords points="335,1634 1382,1669 1378,1612 1184,1588 333,1578"/>
                <Baseline points="346,1615 400,1613 455,1615 510,1617 564,1618 619,1621 674,1621 728,1623 783,1626 838,1627 892,1633 947,1634 1002,1636 1056,1639 1111,1642 1166,1643 1220,1645 1275,1647 1330,1650 1385,1653"/>
                <TextEquiv>
                    <Unicode>sa vsurpentur, &amp; inibi de eorum significatu.</Unicode>
                </TextEquiv>
            </TextLine>
            <TextLine id="tr_1_tl_23" custom="readingOrder {index:22;}">
                <Coords points="1469,1664 1568,1691 1608,1673 1658,1687 1685,1666 1723,1669 1828,1699 1854,1685 1852,1620 1814,1628 1751,1614 1713,1630 1642,1610 1588,1628 1527,1604 1467,1616"/>
                <Baseline points="1480,1656 1505,1658 1530,1659 1555,1659 1581,1660 1606,1661 1631,1663 1656,1665 1682,1665 1707,1665 1732,1667 1757,1669 1783,1670 1808,1673 1833,1676 1859,1677"/>
                <TextEquiv>
                    <Unicode>Caput XII.</Unicode>
                </TextEquiv>
            </TextLine>
            <TextLine id="tr_1_tl_24" custom="readingOrder {index:23;}">
                <Coords points="414,1689 1737,1755 1856,1749 1852,1693 410,1636"/>
                <Baseline points="423,1671 494,1674 566,1678 638,1682 710,1686 782,1689 854,1692 925,1695 997,1697 1069,1699 1141,1704 1213,1709 1285,1711 1357,1713 1428,1716 1500,1719 1572,1724 1644,1729 1716,1731 1788,1734 1859,1731"/>
                <TextEquiv>
                    <Unicode>Illud insuper haud omittendum duximus quod facit ad quarun-</Unicode>
                </TextEquiv>
            </TextLine>
            <TextLine id="tr_1_tl_25" custom="readingOrder {index:24;}">
                <Coords points="410,1757 1856,1816 1852,1747 1802,1741 406,1683"/>
                <Baseline points="420,1737 492,1739 564,1743 636,1743 708,1747 780,1749 852,1757 924,1759 996,1761 1068,1764 1141,1767 1213,1769 1285,1774 1357,1779 1429,1782 1501,1785 1573,1787 1645,1789 1717,1794 1789,1799 1862,1803"/>
                <TextEquiv>
                    <Unicode>dam dictionum cognitionem, quae vt peregrinae inter sacrifican</Unicode>
                </TextEquiv>
            </TextLine>
            <TextLine id="tr_1_tl_26" custom="readingOrder {index:25;}">
                <Coords points="408,1826 1856,1868 1852,1816 1784,1804 406,1763"/>
                <Baseline points="417,1797 489,1802 561,1804 633,1808 705,1812 777,1815 849,1818 921,1825 993,1827 1065,1828 1138,1830 1210,1835 1282,1837 1354,1839 1426,1844 1498,1848 1570,1851 1642,1855 1714,1857 1786,1861 1859,1862"/>
                <TextEquiv>
                    <Unicode>dum à compluribus frequentantur sacerdotibus, quàm intelli-</Unicode>
                </TextEquiv>
            </TextLine>
            <TextLine id="tr_1_tl_27" custom="readingOrder {index:26;}">
                <Coords points="281,1889 1743,1949 1852,1937 1850,1881 277,1808"/>
                <Baseline points="289,1862 367,1860 445,1863 524,1865 602,1868 681,1873 759,1878 837,1883 916,1886 994,1888 1073,1889 1151,1896 1229,1901 1308,1903 1386,1907 1465,1908 1543,1913 1621,1917 1700,1921 1778,1923 1857,1922"/>
                <TextEquiv>
                    <Unicode>guntur. Sunt enim verba quaedam Hebraica, quaedam Graeca aut Syria-</Unicode>
                </TextEquiv>
            </TextLine>
            <TextLine id="tr_1_tl_28" custom="readingOrder {index:27;}">
                <Coords points="271,1937 1854,2000 1850,1941 1566,1921 269,1895"/>
                <Baseline points="280,1925 358,1925 437,1927 516,1928 595,1931 674,1936 753,1939 831,1944 910,1949 989,1949 1068,1954 1147,1956 1226,1961 1305,1964 1383,1969 1462,1971 1541,1976 1620,1982 1699,1982 1778,1986 1857,1988"/>
                <TextEquiv>
                    <Unicode>ca. Hebraica &amp; Syra teste diuo Hieronymo ad Marcellam, ideo immu</Unicode>
                </TextEquiv>
            </TextLine>
            <TextLine id="tr_1_tl_29" custom="readingOrder {index:28;}">
                <Coords points="275,2000 1709,2073 1852,2064 1850,2006 271,1937"/>
                <Baseline points="283,1985 361,1985 440,1987 519,1992 597,1997 676,1999 755,2005 833,2009 912,2012 991,2014 1070,2017 1148,2021 1227,2021 1306,2024 1384,2029 1463,2034 1542,2039 1620,2042 1699,2047 1778,2049 1857,2051"/>
                <TextEquiv>
                    <Unicode>tata ab initio manserunt, quia vel interpretes vel Apostoli, id facere non</Unicode>
                </TextEquiv>
            </TextLine>
            <TextLine id="tr_1_tl_30" custom="readingOrder {index:29;}">
                <Coords points="265,2073 1852,2133 1828,2058 261,2000"/>
                <Baseline points="274,2045 353,2045 432,2050 511,2054 590,2057 669,2060 748,2067 827,2069 906,2071 985,2074 1064,2079 1143,2081 1222,2083 1301,2083 1380,2092 1459,2093 1538,2099 1617,2101 1696,2107 1775,2112 1854,2119"/>
                <TextEquiv>
                    <Unicode>curarunt, vt quoniam prima ecclesia ex Iudaeis (velut suprâ docuimus)</Unicode>
                </TextEquiv>
            </TextLine>
            <TextLine id="tr_1_tl_31" custom="readingOrder {index:30;}">
                <Coords points="265,2125 1677,2196 1854,2190 1852,2135 263,2075"/>
                <Baseline points="274,2104 353,2106 432,2112 511,2117 591,2122 670,2122 749,2127 828,2131 908,2134 987,2137 1066,2140 1145,2144 1225,2147 1304,2152 1383,2154 1462,2157 1542,2162 1621,2167 1700,2170 1779,2173 1859,2179"/>
                <TextEquiv>
                    <Unicode>concreta fuerat, nihil ad credentium offendiculum, innouarent, sed ita</Unicode>
                </TextEquiv>
            </TextLine>
            <TextLine id="tr_1_tl_32" custom="readingOrder {index:31;}">
                <Coords points="271,2184 1772,2262 1854,2254 1852,2184 267,2131"/>
                <Baseline points="280,2161 363,2170 446,2175 529,2181 612,2183 695,2189 778,2194 861,2197 944,2199 1027,2203 1111,2208 1194,2210 1277,2216 1360,2218 1443,2218 1526,2223 1609,2229 1692,2235 1775,2239 1859,2242"/>
                <TextEquiv>
                    <Unicode>vt à puero imbiberant, traderent. Postea verò quàm in vniuersas gen</Unicode>
                </TextEquiv>
            </TextLine>
            <TextLine id="tr_1_tl_33" custom="readingOrder {index:32;}">
                <Coords points="265,2252 1854,2315 1810,2246 261,2190"/>
                <Baseline points="274,2227 353,2235 432,2239 511,2242 591,2248 670,2251 749,2256 828,2258 908,2263 987,2266 1066,2268 1145,2270 1225,2272 1304,2277 1383,2280 1462,2283 1542,2287 1621,2292 1700,2298 1779,2300 1859,2304"/>
                <TextEquiv>
                    <Unicode>tes Euangelij sermo dilatatus est, non potuisse semel suscepta immuta</Unicode>
                </TextEquiv>
            </TextLine>
            <TextLine id="tr_1_tl_34" custom="readingOrder {index:33;}">
                <Coords points="267,2307 1856,2384 1852,2311 265,2246"/>
                <Baseline points="277,2286 356,2291 435,2300 514,2305 593,2310 672,2313 751,2318 830,2320 909,2325 988,2325 1068,2330 1147,2333 1226,2338 1305,2340 1384,2343 1463,2347 1542,2350 1621,2355 1700,2360 1779,2363 1859,2364"/>
                <TextEquiv>
                    <Unicode>ri, idem autor est. Cuius etiam rei Origenes rationem reddens asserit</Unicode>
                </TextEquiv>
            </TextLine>
            <TextLine id="tr_1_tl_35" custom="readingOrder {index:34;}">
                <Coords points="269,2376 1854,2436 1852,2392 1778,2369 267,2307"/>
                <Baseline points="280,2352 358,2357 437,2363 516,2368 595,2373 674,2378 753,2381 831,2386 910,2388 989,2391 1068,2394 1147,2397 1226,2398 1305,2406 1383,2409 1462,2410 1541,2415 1620,2418 1699,2423 1778,2425 1857,2430"/>
                <TextEquiv>
                    <Unicode>propter vernaculum cuiusque idioma linguae, non posse verba quàm</Unicode>
                </TextEquiv>
            </TextLine>
            <TextLine id="tr_1_tl_36" custom="readingOrder {index:35;}">
                <Coords points="273,2440 1852,2503 1850,2444 1806,2436 271,2380"/>
                <Baseline points="283,2415 361,2420 440,2427 519,2433 597,2439 676,2441 755,2445 833,2448 912,2451 991,2454 1070,2459 1148,2461 1227,2463 1306,2469 1384,2472 1463,2475 1542,2477 1620,2480 1699,2485 1778,2487 1857,2489"/>
                <TextEquiv>
                    <Unicode>plurima ita apud alios sonare, vt apud suos dicta sunt, ac multo pro-</Unicode>
                </TextEquiv>
            </TextLine>
            <TextLine id="tr_1_tl_37" custom="readingOrder {index:36;}">
                <Coords points="273,2499 1850,2557 1808,2501 271,2440"/>
                <Baseline points="283,2475 361,2481 440,2489 518,2495 597,2501 675,2506 754,2509 832,2511 911,2516 989,2518 1068,2522 1147,2525 1225,2528 1304,2530 1382,2533 1461,2535 1539,2540 1618,2543 1696,2546 1775,2547 1854,2546"/>
                <TextEquiv>
                    <Unicode>pterea melius esse, non translata ponere, quàm illorum vim interpre-</Unicode>
                </TextEquiv>
            </TextLine>
            <TextLine id="tr_1_tl_38" custom="readingOrder {index:37;}">
                <Coords points="263,2557 1675,2632 1852,2626 1850,2567 261,2507"/>
                <Baseline points="271,2534 350,2542 429,2549 508,2556 588,2564 667,2570 746,2573 826,2574 905,2576 984,2579 1064,2582 1143,2586 1222,2591 1301,2594 1381,2594 1460,2599 1539,2603 1619,2606 1698,2609 1777,2612 1857,2615"/>
                <TextEquiv>
                    <Unicode>tatione tenuare. Hac ratione Graecos primum vocabula illa Hebraica</Unicode>
                </TextEquiv>
            </TextLine>
            <TextLine id="tr_1_tl_39" custom="readingOrder {index:38;}">
                <Coords points="265,2614 1761,2697 1842,2683 1840,2624 261,2559"/>
                <Baseline points="274,2594 352,2604 431,2614 510,2620 588,2627 667,2632 746,2636 824,2639 903,2639 982,2644 1061,2645 1139,2648 1218,2651 1297,2654 1375,2657 1454,2662 1533,2666 1611,2669 1690,2671 1769,2672 1848,2672"/>
                <TextEquiv>
                    <Unicode>suis commiscuisse, par est credere, vtpote desperantes posse se absolu-</Unicode>
                </TextEquiv>
            </TextLine>
            <TextLine id="tr_1_tl_40" custom="readingOrder {index:39;}">
                <Coords points="267,2666 1660,2757 1844,2745 1842,2683 265,2620"/>
                <Baseline points="277,2657 355,2664 434,2675 512,2684 591,2689 669,2695 748,2698 826,2699 905,2704 983,2706 1062,2709 1141,2713 1219,2716 1298,2719 1376,2721 1455,2725 1533,2725 1612,2730 1690,2733 1769,2735 1848,2731"/>
                <TextEquiv>
                    <Unicode>tum sensum suo sermone reddere, &amp; sic nostros nihil deinde plus au-</Unicode>
                </TextEquiv>
            </TextLine>
            <TextLine id="tr_1_tl_41" custom="readingOrder {index:40;}">
                <Coords points="261,2727 735,2788 1850,2810 1846,2745 822,2729 259,2664"/>
                <Baseline points="271,2716 350,2726 429,2736 508,2744 587,2752 666,2757 745,2761 825,2762 904,2767 983,2767 1062,2772 1141,2774 1220,2780 1299,2782 1379,2785 1458,2788 1537,2791 1616,2791 1695,2796 1774,2797 1854,2797"/>
                <TextEquiv>
                    <Unicode>sos &amp; Hebraica &amp; Graeca permisisse stare. Atque id consulto factum vide</Unicode>
                </TextEquiv>
            </TextLine>
            <TextLine id="tr_1_tl_42" custom="readingOrder {index:41;}">
                <Coords points="263,2804 1711,2881 1852,2870 1850,2810 261,2747"/>
                <Baseline points="271,2773 350,2787 429,2800 508,2808 588,2815 667,2821 746,2824 826,2828 905,2830 984,2830 1064,2835 1143,2839 1222,2842 1301,2845 1381,2848 1460,2853 1539,2852 1619,2854 1698,2857 1777,2857 1857,2860"/>
                <TextEquiv>
                    <Unicode>ri potest, quo scilicet ad imitationem eius tituli, qui super crucem Sal</Unicode>
                </TextEquiv>
            </TextLine>
            <TextLine id="tr_1_tl_43" custom="readingOrder {index:42;}">
                <Coords points="267,2850 1347,2943 1826,2935 1846,2889 265,2802"/>
                <Baseline points="277,2839 355,2849 434,2860 513,2871 591,2878 670,2883 749,2887 827,2890 906,2892 985,2892 1064,2898 1142,2901 1221,2904 1300,2907 1378,2910 1457,2913 1536,2913 1614,2916 1693,2918 1772,2919 1851,2919"/>
                <TextEquiv>
                    <Unicode>uatoris positus fuerat, perinde missa triplici lingua constaret, ac illum</Unicode>
                </TextEquiv>
            </TextLine>
            <TextLine id="tr_1_tl_44" custom="readingOrder {index:43;}">
                <Coords points="267,2909 570,2975 1842,2998 1840,2943 1719,2923 719,2917 265,2850"/>
                <Baseline points="277,2898 355,2911 434,2924 512,2932 591,2943 669,2948 748,2954 826,2956 905,2958 983,2959 1062,2964 1141,2967 1219,2970 1298,2972 1376,2976 1455,2976 1533,2979 1612,2979 1690,2982 1769,2985 1848,2985"/>
                <TextEquiv>
                    <Unicode>scriptum fuisse Hebraice &amp; Graece &amp; Latine tradit Euangelista lohan</Unicode>
                </TextEquiv>
            </TextLine>
            <TextEquiv>
                <Unicode></Unicode>
            </TextEquiv>
        </TextRegion>
        <TextRegion orientation="0.0" id="tr_3" custom="readingOrder {index:1;}">
            <Coords points="1919,323 1867,3028 2115,3021 2125,323"/>
            <TextLine id="tr_3_tl_1" custom="readingOrder {index:0;}">
                <Coords points="1911,454 1953,440 1982,450 2020,434 2040,444 2056,436 2091,461 2103,459 2121,452 2117,388 2091,380 2079,386 2062,370 2046,374 2016,360 2006,370 1988,358 1965,366 1953,356 1937,368 1917,358 1905,362"/>
                <Baseline points="1919,423 1944,425 1970,426 1996,426 2022,427 2047,429 2073,432 2099,435 2125,432"/>
                <TextEquiv>
                    <Unicode>Act.2.g</Unicode>
                </TextEquiv>
            </TextLine>
            <TextLine id="l_37" custom="readingOrder {index:1;}">
                <Coords points="1870,2997 2103,3002 2104,2972 1871,2967"/>
                <Baseline points="1870,2997 2103,3002"/>
                <TextEquiv>
                    <Unicode>Iohan.19.d</Unicode>
                </TextEquiv>
            </TextLine>
            <TextEquiv>
                <Unicode></Unicode>
            </TextEquiv>
        </TextRegion>
    </Page>
</PcGts>
