2479 3508
345 1419 618 1523 Matth. 2.c
341 2384 616 2490 Zach.13.a
1159 125 1820 283 DE INVENT.RERVM.
659 233 2292 383 oraculo se superiores fore sperauerant. & talia id genus milia sunt. Sed
657 333 2292 439 & à nostris recentioribus vnum petamus exemplum. Syluester enim se-
651 399 2294 503 cundus malis artibus pontificatum adeptus, vt cupidus regnandi (te-
643 464 2292 578 ste Platina) malum daemonem de longitudine vitae consuluit. Ille respon.
653 528 2305 636 dit, vt si caueret Hierusalem, diu viueret. Imprudens Syluester statuit
649 597 2298 699 Hierosolymam vrbem Iudaeae non adire, sed cum in aede sanctae crucis
647 659 2303 757 dicta in Hierusalem, quarto demum post anno sacrificasset, oraculi sta
645 722 2303 824 tim memor, fato moriturum se cognouit. Fassus igitur delictum publice
645 786 2298 884 iussit moriens, vt suum cadauer equis daretur trahendum: & quo loci
632 853 2296 942 illi demum conquieuissent eodem tumulari. Diuina igitur prouiden-
639 917 2298 1019 tia ad templum Lateranense peruenere, vbi & sepultus est. Sic deus
639 986 2296 1069 ostendit apud se locum veniae vnicuique, quamuis scelerato relictum
641 1052 2292 1134 esse, si in vita aliquando poenituerit. Atque talis erat inter gentes reli-
647 1115 2292 1202 gio, quae non parcebat pias scelerare manus. Haec ex Herodoto, Diodo-
636 1179 2300 1269 ro, Clemente, Eusebio, Lactantio, Cypriano, atque alijs sacris scripto-
641 1240 2296 1321 ribus. Sed meliora canamus. Quis hos deos tam maleficos domestica-
636 1302 2298 1392 tim suos cultores iugulantes de medio mortalium omnium sustulit, nisi
641 1364 2296 1450 saluator noster? Conciderunt post eius aduentum vetustatis tenebrae, &
641 1433 2296 1523 quae figuris tegebantur, diuina retexit sententia. Nam dum in Aegypto cum
632 1487 2296 1581 Ioseph & matre fuit, eo temporis spatio simulachra deorum quos id tem-
639 1560 2296 1645 poris gens illa stulta & omnium errorum mater coluit, sua sponte ceci-
639 1635 2300 1714 disse dicuntur. Post haec imperante Hadriano, tum demum vbique gen-
630 1697 2294 1783 tium perniciosae nefariaeque sublatae sunt immolationes. Tum Delphi-
636 1764 2292 1835 ci Apollinis, tum Ammonis aliorumque vanorum deorum oracula si-
636 1816 2290 1912 lere coeperunt, tum mala quibus humanum genus premebatur, peni-
636 1893 2294 1961 tus extincta, tum denique potentia daemonum infracta iacuit. Quod Por
639 1945 2296 2034 phyrius (vti Eusebius docet) Christiani nominis hostis in libro, quem
636 2022 2288 2084 aduersus religionem nostram conscripsit, hoc modo testatur, Nunc ve-
632 2078 2298 2157 ro mirantur, inquit, si tam multos annos peste ciuitas vexetur, cum &
636 2136 2290 2228 Aesculapius & alij dij longe absint ab ea. Postea enim quàm IESVS
636 2209 2284 2290 colitur, nihil vtilitatis à dijs consequi possumus. Haec verba illius sunt.
647 2273 2288 2340 CHRISTVS ergo IESVS dijs illis potentior est. Ita demum secutum
636 2336 2288 2427 est, quod dominus apud Zachariam prophetam perdiu antea annuntiarat
639 2402 2290 2473 esse futurum, dicens: Disperdam nomina idolorum de terra, & non me-
630 2465 2292 2560 morabuntur vltra. Ecce fidei nostrae magnum testimonium, ecce certum
639 2529 2286 2612 veritatis elogium, ecce vniuerso humano generi redditam libertatem,
626 2596 2288 2669 ac mundo fulgentissimum lumen. Quae vtinam gentes quae in tenebras
645 2658 2286 2746 paulatim relapsae sunt agnoscerent, ne perpetuo aberrarent. Non de-
626 2721 2282 2810 ficiunt enim oracula nostra, est deus nobiscum dum bene agimus sem-
636 2785 2288 2885 per. Daemoniaci si qui sint, à nostris sacerdotibus nomine IESV libe-
620 2845 2292 2931 rantur. Daemones procul effugantur, solo etiam sacrae aquae aspersu.
630 2916 2284 3035 Quo factum est, vt Alexander eius nominis primus Romanus ponti-
