2479 3508
366 395 636 499 Leuit. I.c
360 485 616 609 Nu. 28.a
1190 150 1895 331 DE INVENT. RERVM
680 285 2355 508 alij varijs ceremonijs sacrificarunt. Quae feré omnia e Iosepho in ar-
680 354 2344 562 ctum collata operae pretium duxi, quàm breuissime potero explicare.
676 433 2348 632 Duobus ab initio sacrorum generibus Hebraei vsi sunt. Quorum unum
676 487 2336 699 holocaustum dixerunt, quando primores gentis siue bouem siue agnum
684 570 2350 755 siue aliquod aliud animal (modo anniculum masculumque fuisset) im
678 626 2342 824 molabant, tum sacerdos victimali cruore oram altaris perfundebat,
682 705 2344 876 inde hostiam membratim disiectam super aram cremabant. Alterum
697 782 2352 944 genus plebeium, & pro gratiarum actione fiebat, in quo animalia ma
684 859 2334 1013 iora anniculis offerebant, cruoréque super aram diffuso renes, adeps,
693 915 2342 1065 omenta imponebant flammis. Pectora & crura dextera sacerdotibus
693 984 2346 1123 dabantur. Quae supererant intra biduum, illi edebant, qui sacrificas
686 1055 2344 1186 sent. Inopes, columbas, aut duas turtures offerebant: quarum vna is
682 1102 2340 1250 holocaustum abibat, alteram sacerdotes sortiebantur. Peccata vero
686 1196 2344 1312 ad hunc modum expiabant. Qui imprudens deliquisset, agnam aut hoe
693 1248 2336 1371 dum anniculum offerebat. Qui occulti criminis conscius, ariete eum
693 1325 2340 1444 expiari oportebat. Omnibus sacrificijs farina mundissima ex praescri-
701 1387 2340 1496 pto legis adijciebatur, adhibebatur & oleum, quod sacris infundeba-
686 1454 2330 1564 tur. Agnus mane & vesperi immolabatur. Sabbathis geminatae hostiae
686 1531 2340 1631 aris admouebantur. Principio mensis duo boues cum vno ariete, hoe-
693 1581 2328 1691 do vno, & septem anniculis agnis, piaculi nomine mactabantur. Se-
699 1656 2332 1733 ptimo ineunte mense, taurum, arietem: & septenas agnas cum vno hoe-
695 1716 2336 1797 do immolabant. Adijciebantur bini hoedi, horum vnus extra fines mis-
693 1780 2330 1857 sus multitudinem expiabat. Alter in suburbanis cum totis velleribus
691 1843 2332 1918 cremabatur. Pontifex taurum in id sacrum, & arietem in holocaustum
691 1905 2325 1988 dabat. & caetera, quae ipse losephus late prosequitur. Item habebant
695 1966 2332 2043 & certos dies festos, qui iuxta eundem Iosephum & Origenem super Nu
691 2032 2336 2111 meros in hunc modum digerebantur. Prima solennitas dei erat, quae
688 2095 2332 2169 appellabatur indesinens. De his enim mandabatur, quae sine vlla pror
691 2157 2334 2232 sus interruptione matutinis & vespertinis sacrificijs offerebantur: quia
684 2219 2328 2303 iustus debet semper diem festum agere, id est, orare. Altera solennitas
691 2282 2321 2369 erat sabbathi: quo die nihil ex omnibus mundi actibus oportebat ope-
680 2340 2321 2415 rari. Tertia celebritas Neomeniae tubarum primo die mensis septimi,
686 2409 2325 2486 in qua offerebatur & hostia. Neomenia autem dicitur noua luna. Erat
686 2461 2317 2552 ergo ista solennitas cum luna innouabatur, hoc est, cum sub claritate
680 2525 2317 2608 solis lateret: significans fore, vt sol iustitiae CHRISTVS ecclesiae quae
680 2579 2323 2681 luna est, se coniungeret. Quarto loco Xantico mense, vnde principium
680 2652 2323 2731 sumebat annus, sub plenilunij diem, id est, circiter quartumdecimum
691 2708 2321 2796 diem lunae, sole arietem transeunte: quia his diebus ex AEgypto egre
691 2760 2319 2856 di contigisset, mysticum agnum occidebant. Et ea celebritas Pascha di
684 2835 2313 2927 cebatur, id est, transitus. Et in eo mense primo alia solennitas Paschae
684 2881 2311 2993 (vt dictum est) alia azymorum erat, & licet coniuncta videretur azy-
676 2941 2311 3072 mis paschae solennitas: principium tamen azymorum tantum ad finem
