<?xml version="1.0" encoding="UTF-8" standalone="yes"?>
<PcGts xmlns="http://schema.primaresearch.org/PAGE/gts/pagecontent/2013-07-15" xmlns:xsi="http://www.w3.org/2001/XMLSchema-instance" xsi:schemaLocation="http://schema.primaresearch.org/PAGE/gts/pagecontent/2013-07-15 http://schema.primaresearch.org/PAGE/gts/pagecontent/2013-07-15/pagecontent.xsd">
    <Metadata>
        <Creator>prov=READ-COOP:name=PyLaia@TranskribusPlatform:version=2.25.0:model_id=39995:lm=none:date=04_04_2025_06:08</Creator>
        <Created>2025-04-02T18:51:46.936+02:00</Created>
        <LastChange>2025-04-12T17:24:22.553+02:00</LastChange>
        <TranskribusMetadata docId="7752951" pageId="94469596" pageNr="3" tsid="238884608" status="NEW" userId="371030" imgUrl="https://files.transkribus.eu/Get?id=WHFRXEHRKJTUGRKLSTSMVCHK&amp;fileType=view" xmlUrl="https://files.transkribus.eu/Get?id=ZECHQFHPDTHRIQMRASVYSMPY" imageId="79006635"/>
    </Metadata>
    <Page imageFilename="94469596.jpg" imageWidth="2479" imageHeight="3508">
        <ReadingOrder>
            <OrderedGroup id="ro_1744471462554" caption="Regions reading order">
                <RegionRefIndexed index="0" regionRef="tr_1"/>
                <RegionRefIndexed index="1" regionRef="r"/>
            </OrderedGroup>
        </ReadingOrder>
        <TextRegion orientation="0.0" id="tr_1" custom="readingOrder {index:0;}">
            <Coords points="155,163 155,2823 1713,2829 1834,172"/>
            <TextLine id="tr_1_tl_1" custom="readingOrder {index:0;}">
                <Coords points="724,209 789,225 855,209 885,229 970,206 1071,234 1137,215 1226,238 1314,225 1311,126 1275,119 1233,140 1073,112 1043,131 844,131 823,112 724,131"/>
                <Baseline points="737,197 766,197 795,196 824,194 853,196 882,197 911,197 940,199 969,200 998,200 1028,200 1057,200 1086,200 1115,203 1144,206 1173,206 1202,206 1231,206 1260,207 1289,209 1319,211"/>
                <TextEquiv>
                    <Unicode>LIBER QVINTVS.</Unicode>
                </TextEquiv>
            </TextLine>
            <TextLine id="tr_1_tl_2" custom="readingOrder {index:1;}">
                <Coords points="1667,248 1683,250 1694,241 1699,245 1717,241 1735,250 1747,238 1754,245 1763,245 1768,181 1738,174 1722,181 1712,174 1706,179 1671,177"/>
                <Baseline points="1680,229 1710,225 1740,223 1770,223"/>
                <TextEquiv>
                    <Unicode>91</Unicode>
                </TextEquiv>
            </TextLine>
            <TextLine id="tr_1_tl_3" custom="readingOrder {index:2;}">
                <Coords points="154,401 669,314 1788,360 1804,252 924,209 156,250"/>
                <Baseline points="167,373 253,351 339,333 425,321 512,313 598,310 684,307 770,304 857,307 943,307 1029,307 1115,312 1202,315 1288,320 1374,325 1460,325 1547,326 1633,328 1719,328 1806,328"/>
                <TextEquiv>
                    <Unicode>paschae coniungebatur. Et Pascha ille solus dies appellabatur, in quo</Unicode>
                </TextEquiv>
            </TextLine>
            <TextLine id="tr_1_tl_4" custom="readingOrder {index:3;}">
                <Coords points="149,461 575,387 1797,420 1749,342 894,316 438,330 149,397"/>
                <Baseline points="161,438 247,417 333,402 419,390 506,382 592,379 678,376 764,376 851,378 937,379 1023,381 1109,382 1196,387 1282,391 1368,395 1454,397 1541,400 1627,400 1713,400 1800,403"/>
                <TextEquiv>
                    <Unicode>agnus occidebatur. Reliqui verò azymorum dies vocabantur: &amp; id fe-</Unicode>
                </TextEquiv>
            </TextLine>
            <TextLine id="tr_1_tl_5" custom="readingOrder {index:4;}">
                <Coords points="154,525 610,449 1797,488 1772,413 1575,438 679,385 154,463"/>
                <Baseline points="167,507 248,483 330,467 412,456 494,451 576,447 657,447 739,448 821,450 903,453 985,453 1066,453 1148,454 1230,460 1312,465 1394,468 1475,468 1557,473 1639,474 1721,474 1803,471"/>
                <TextEquiv>
                    <Unicode>stum septem diebus celebrabatur. Secunda die primitias frugum offe</Unicode>
                </TextEquiv>
            </TextLine>
            <TextLine id="tr_1_tl_6" custom="readingOrder {index:5;}">
                <Coords points="154,585 502,518 1790,555 1777,481 1497,507 692,454 154,530"/>
                <Baseline points="167,567 248,551 329,535 411,525 492,519 573,518 655,516 736,517 817,522 899,525 980,525 1061,525 1143,526 1224,532 1305,534 1387,537 1468,542 1549,545 1631,546 1712,546 1794,543"/>
                <TextEquiv>
                    <Unicode>rebant, &amp; ex eo dicebatur celebritas nouorum, quae solennitatum or-</Unicode>
                </TextEquiv>
            </TextLine>
            <TextLine id="tr_1_tl_7" custom="readingOrder {index:6;}">
                <Coords points="149,644 546,596 1774,633 1774,580 1710,546 1387,573 500,520 149,589"/>
                <Baseline points="161,632 241,618 322,603 403,593 484,588 565,588 646,588 727,588 808,591 889,594 970,594 1050,594 1131,597 1212,601 1293,606 1374,609 1455,611 1536,614 1617,616 1698,618 1779,615"/>
                <TextEquiv>
                    <Unicode>dine sexta habebatur. Post septem autem septimanas Paschae, Pente-</Unicode>
                </TextEquiv>
            </TextLine>
            <TextLine id="tr_1_tl_8" custom="readingOrder {index:7;}">
                <Coords points="154,720 394,665 1779,699 1779,635 954,601 369,601 154,651"/>
                <Baseline points="167,701 247,685 328,668 409,659 490,659 571,659 652,659 733,659 814,659 895,659 976,665 1056,665 1137,668 1218,671 1299,674 1380,677 1461,679 1542,683 1623,685 1704,686 1785,689"/>
                <TextEquiv>
                    <Unicode>costes, &amp; id tempus Asarthan, id est, quinquagesimam vocabant: tum</Unicode>
                </TextEquiv>
            </TextLine>
            <TextLine id="tr_1_tl_9" custom="readingOrder {index:8;}">
                <Coords points="154,798 527,734 1779,789 1779,697 651,665 314,676 154,729"/>
                <Baseline points="167,767 247,748 328,737 409,727 490,725 570,725 651,725 732,725 813,729 893,731 974,734 1055,736 1136,737 1216,743 1297,744 1378,749 1459,749 1539,751 1620,753 1701,752 1782,755"/>
                <TextEquiv>
                    <Unicode>panes frumentatos offerebant. Deinde sequebatur solennitas septi-</Unicode>
                </TextEquiv>
            </TextLine>
            <TextLine id="tr_1_tl_10" custom="readingOrder {index:9;}">
                <Coords points="149,853 475,798 1495,825 1531,860 1770,841 1768,789 527,734 147,807"/>
                <Baseline points="161,832 241,817 322,803 403,796 484,794 564,791 645,794 726,794 807,797 887,803 968,803 1049,806 1130,808 1210,812 1291,813 1372,818 1453,820 1533,821 1614,825 1695,826 1776,824"/>
                <TextEquiv>
                    <Unicode>morum. Sicut enim inter dies septimus quisque celebrabatur sabba-</Unicode>
                </TextEquiv>
            </TextLine>
            <TextLine id="tr_1_tl_11" custom="readingOrder {index:10;}">
                <Coords points="158,910 676,867 1768,912 1765,857 1387,823 449,800 156,857"/>
                <Baseline points="170,898 250,883 330,869 410,862 490,859 570,859 650,862 731,864 811,870 891,874 971,874 1051,877 1131,880 1211,881 1292,886 1372,886 1452,891 1532,892 1612,895 1692,897 1773,895"/>
                <TextEquiv>
                    <Unicode>thum, ita inter menses septimus quisque mensis sabbathum erat, &amp; vo</Unicode>
                </TextEquiv>
            </TextLine>
            <TextLine id="tr_1_tl_12" custom="readingOrder {index:11;}">
                <Coords points="149,983 387,933 1768,997 1765,910 1623,935 676,869 149,899"/>
                <Baseline points="161,961 241,948 321,938 402,930 482,928 563,928 643,930 724,931 804,936 885,943 965,943 1045,945 1126,948 1206,952 1287,955 1367,958 1448,960 1528,964 1609,964 1689,967 1770,964"/>
                <TextEquiv>
                    <Unicode>cabatur ea solenitas Sabbatha sabbathorum. Post haec in septimo men-</Unicode>
                </TextEquiv>
            </TextLine>
            <TextLine id="tr_1_tl_13" custom="readingOrder {index:12;}">
                <Coords points="149,1043 511,997 1765,1057 1763,1000 1671,977 520,935 149,983"/>
                <Baseline points="161,1030 241,1014 321,1004 401,996 482,994 562,994 642,999 723,1005 803,1007 883,1009 964,1012 1044,1017 1124,1020 1204,1022 1285,1024 1365,1030 1445,1030 1526,1030 1606,1032 1686,1032 1767,1032"/>
                <TextEquiv>
                    <Unicode>se alij agebantur festi dies. Porrò decimaquinta die, tempore ad hye-</Unicode>
                </TextEquiv>
            </TextLine>
            <TextLine id="tr_1_tl_14" custom="readingOrder {index:13;}">
                <Coords points="149,1103 587,1071 1761,1110 1758,1059 1621,1045 569,1004 149,1034"/>
                <Baseline points="161,1092 241,1078 321,1069 401,1065 481,1065 561,1062 641,1065 722,1070 802,1072 882,1074 962,1077 1042,1083 1122,1086 1202,1087 1283,1089 1363,1092 1443,1095 1523,1098 1603,1101 1683,1104 1764,1098"/>
                <TextEquiv>
                    <Unicode>mem vergente, tabernacula figebant: quae solennitas Graece Sceno-</Unicode>
                </TextEquiv>
            </TextLine>
            <TextLine id="tr_1_tl_15" custom="readingOrder {index:14;}">
                <Coords points="154,1183 667,1142 1751,1188 1751,1116 566,1071 151,1121"/>
                <Baseline points="167,1161 246,1145 326,1134 405,1128 485,1128 564,1131 644,1133 723,1135 803,1138 882,1143 962,1145 1042,1149 1121,1150 1201,1152 1280,1155 1360,1161 1439,1162 1519,1165 1598,1167 1678,1170 1758,1176"/>
                <TextEquiv>
                    <Unicode>negia dicebatur: quia in vmbraculis ederent septem diebus, ob id,</Unicode>
                </TextEquiv>
            </TextLine>
            <TextLine id="tr_1_tl_16" custom="readingOrder {index:15;}">
                <Coords points="151,1252 456,1199 1729,1249 1754,1188 653,1139 149,1181"/>
                <Baseline points="164,1227 243,1213 323,1201 403,1197 482,1194 562,1194 642,1199 721,1201 801,1206 881,1209 961,1212 1040,1215 1120,1216 1200,1221 1279,1221 1359,1226 1439,1230 1518,1231 1598,1233 1678,1233 1758,1236"/>
                <TextEquiv>
                    <Unicode>quòd maiores sui ex Aegypto remigrantes domum, tabernaculis vsi</Unicode>
                </TextEquiv>
            </TextLine>
            <TextLine id="tr_1_tl_17" custom="readingOrder {index:16;}">
                <Coords points="151,1298 906,1279 1738,1334 1751,1249 449,1199 149,1254"/>
                <Baseline points="161,1286 240,1275 320,1268 400,1262 480,1262 560,1262 640,1264 719,1266 799,1269 879,1274 959,1277 1039,1280 1119,1281 1199,1287 1278,1289 1358,1291 1438,1294 1518,1298 1598,1301 1678,1301 1758,1304"/>
                <TextEquiv>
                    <Unicode>essent. Decima verò die solenne erat repropitiationis. In hac sola die</Unicode>
                </TextEquiv>
            </TextLine>
            <TextLine id="tr_1_tl_18" custom="readingOrder {index:17;}">
                <Coords points="160,1380 504,1334 1591,1401 1742,1389 1740,1311 486,1265 158,1309"/>
                <Baseline points="170,1352 253,1338 336,1329 419,1328 502,1329 585,1331 668,1334 751,1337 834,1343 917,1345 1001,1346 1084,1350 1167,1353 1250,1358 1333,1361 1416,1361 1499,1364 1582,1367 1665,1370 1749,1367"/>
                <TextEquiv>
                    <Unicode>pontifex induebatur omnibus pontificalibus indumentis, &amp; tunc in-</Unicode>
                </TextEquiv>
            </TextLine>
            <TextLine id="tr_1_tl_19" custom="readingOrder {index:18;}">
                <Coords points="154,1444 475,1401 1747,1467 1745,1392 1694,1378 832,1380 461,1334 154,1380"/>
                <Baseline points="167,1415 246,1404 325,1398 404,1394 484,1394 563,1397 642,1402 721,1404 801,1406 880,1412 959,1414 1038,1416 1118,1421 1197,1424 1276,1423 1355,1429 1435,1430 1514,1433 1593,1436 1672,1437 1752,1439"/>
                <TextEquiv>
                    <Unicode>grediebatur sancta sanctorum. Autor Origenes super Leuiticum. Die</Unicode>
                </TextEquiv>
            </TextLine>
            <TextLine id="tr_1_tl_20" custom="readingOrder {index:19;}">
                <Coords points="158,1508 511,1465 1687,1534 1742,1520 1740,1453 562,1403 156,1447"/>
                <Baseline points="170,1477 248,1469 327,1463 406,1459 485,1459 564,1458 642,1464 721,1469 800,1474 879,1477 958,1480 1036,1483 1115,1484 1194,1489 1273,1491 1352,1493 1430,1495 1509,1501 1588,1501 1667,1504 1746,1501"/>
                <TextEquiv>
                    <Unicode>quintadecima Decembris Encaenia, id est, festa initialia, hoc est, de-</Unicode>
                </TextEquiv>
            </TextLine>
            <TextLine id="tr_1_tl_21" custom="readingOrder {index:20;}">
                <Coords points="149,1545 1738,1586 1717,1513 536,1465 147,1495"/>
                <Baseline points="161,1540 240,1532 319,1531 398,1525 477,1525 556,1525 635,1531 714,1535 793,1537 872,1543 952,1543 1031,1546 1110,1549 1189,1552 1268,1554 1347,1559 1426,1562 1505,1564 1584,1566 1663,1567 1743,1567"/>
                <TextEquiv>
                    <Unicode>dicationis templi: quia tum templum Hierosolymis ab Antiocho pol-</Unicode>
                </TextEquiv>
            </TextLine>
            <TextLine id="tr_1_tl_22" custom="readingOrder {index:21;}">
                <Coords points="142,1612 1735,1639 1733,1586 1607,1575 142,1561"/>
                <Baseline points="155,1603 234,1601 313,1595 392,1591 472,1591 551,1594 630,1597 709,1600 789,1600 868,1606 947,1609 1026,1613 1106,1613 1185,1618 1264,1619 1343,1623 1423,1626 1502,1630 1581,1633 1660,1633 1740,1630"/>
                <TextEquiv>
                    <Unicode>lutum, postremo à Iuda Machabaeo expiatum, rursumque dedica-</Unicode>
                </TextEquiv>
            </TextLine>
            <TextLine id="tr_1_tl_23" custom="readingOrder {index:22;}">
                <Coords points="142,1676 1625,1719 1733,1710 1733,1657 642,1602 140,1632"/>
                <Baseline points="155,1665 234,1663 313,1662 392,1656 472,1656 551,1659 630,1661 709,1663 789,1668 868,1671 947,1674 1026,1674 1106,1678 1185,1683 1264,1684 1343,1688 1423,1690 1502,1692 1581,1695 1660,1698 1740,1695"/>
                <TextEquiv>
                    <Unicode>tum est. Nam antea Salomon circiter decimum diem septimi men-</Unicode>
                </TextEquiv>
            </TextLine>
            <TextLine id="tr_1_tl_24" custom="readingOrder {index:23;}">
                <Coords points="149,1747 1742,1772 1699,1708 147,1685"/>
                <Baseline points="161,1731 240,1726 319,1722 398,1722 478,1719 557,1722 636,1727 715,1729 795,1734 874,1737 953,1738 1032,1741 1112,1744 1191,1746 1270,1748 1349,1751 1429,1755 1508,1758 1587,1758 1666,1761 1746,1761"/>
                <TextEquiv>
                    <Unicode>sis, id est, Septembris, id fecerat, simul atque illud aedificasset: &amp;</Unicode>
                </TextEquiv>
            </TextLine>
            <TextLine id="tr_1_tl_25" custom="readingOrder {index:24;}">
                <Coords points="149,1836 497,1795 1733,1848 1731,1781 1653,1765 147,1747"/>
                <Baseline points="161,1794 239,1791 318,1786 397,1786 476,1788 555,1790 633,1791 712,1795 791,1797 870,1803 949,1805 1027,1807 1106,1809 1185,1812 1264,1814 1343,1815 1421,1815 1500,1821 1579,1823 1658,1824 1737,1827"/>
                <TextEquiv>
                    <Unicode>dein à ludaeis illis, qui illud ipsum instaurarant, circiter diem duode-</Unicode>
                </TextEquiv>
            </TextLine>
            <TextLine id="tr_1_tl_26" custom="readingOrder {index:25;}">
                <Coords points="154,1878 1644,1912 1722,1894 1722,1845 433,1795 151,1834"/>
                <Baseline points="167,1857 244,1855 322,1852 400,1851 478,1854 556,1857 634,1858 712,1859 790,1862 868,1864 946,1868 1023,1871 1101,1871 1179,1874 1257,1877 1335,1880 1413,1882 1491,1883 1569,1887 1647,1889 1725,1886"/>
                <TextEquiv>
                    <Unicode>cimum mensis primi, est rursus dedicatum: quos seruitute Babylo-</Unicode>
                </TextEquiv>
            </TextLine>
            <TextLine id="tr_1_tl_27" custom="readingOrder {index:26;}">
                <Coords points="154,1937 1596,1983 1726,1962 1724,1896 151,1875"/>
                <Baseline points="164,1919 242,1914 320,1914 399,1914 477,1916 555,1918 634,1920 712,1923 790,1928 869,1928 947,1931 1025,1934 1104,1937 1182,1937 1260,1940 1339,1943 1417,1943 1495,1946 1574,1949 1652,1949 1731,1949"/>
                <TextEquiv>
                    <Unicode>nia liberatos per Esdram suis sedibus restitutos constat. Sic semper il-</Unicode>
                </TextEquiv>
            </TextLine>
            <TextLine id="tr_1_tl_28" custom="readingOrder {index:27;}">
                <Coords points="149,2008 1726,2043 1701,1960 149,1935"/>
                <Baseline points="161,1985 239,1980 318,1979 396,1978 475,1982 553,1984 632,1985 710,1986 789,1991 867,1993 946,1994 1024,1997 1103,2000 1181,2003 1260,2005 1338,2005 1417,2006 1495,2011 1574,2014 1652,2016 1731,2018"/>
                <TextEquiv>
                    <Unicode>le dies postremae expiationis dedicationisque solennis extiterat, apud</Unicode>
                </TextEquiv>
            </TextLine>
            <TextLine id="tr_1_tl_29" custom="readingOrder {index:28;}">
                <Coords points="156,2068 1717,2088 1715,2031 154,2008"/>
                <Baseline points="167,2045 244,2045 322,2045 400,2045 478,2045 555,2047 633,2051 711,2051 789,2057 866,2056 944,2057 1022,2060 1100,2065 1177,2065 1255,2068 1333,2068 1411,2070 1488,2074 1566,2074 1644,2077 1722,2074"/>
                <TextEquiv>
                    <Unicode>posteros. Atque hic tum Iudaeorum fuit sacrorum ritus, qui anima-</Unicode>
                </TextEquiv>
            </TextLine>
            <TextLine id="tr_1_tl_30" custom="readingOrder {index:29;}">
                <Coords points="142,2118 1988,2164 1985,2088 1747,2070 1431,2109 140,2047"/>
                <Baseline points="155,2107 246,2107 338,2104 429,2110 521,2110 613,2113 704,2116 796,2119 888,2119 979,2123 1071,2125 1163,2127 1254,2128 1346,2133 1438,2136 1529,2137 1621,2140 1713,2140 1693,2142 1680,2146 1693,2149"/>
                <TextEquiv>
                    <Unicode>lia tantum aliâs omnino propter conuiuia nata absumebat. Ignis au-</Unicode>
                </TextEquiv>
            </TextLine>
            <TextLine id="tr_1_tl_31" custom="readingOrder {index:30;}">
                <Coords points="142,2185 1683,2233 1722,2231 1722,2164 140,2118"/>
                <Baseline points="155,2170 233,2170 312,2170 390,2170 469,2173 547,2176 626,2176 704,2179 783,2182 861,2182 940,2185 1018,2188 1097,2188 1175,2191 1254,2193 1332,2195 1411,2197 1489,2197 1568,2200 1646,2203 1725,2206"/>
                <TextEquiv>
                    <Unicode>tem (vt in Leuitico extat) semper in altari ardebat, quem sacerdos</Unicode>
                </TextEquiv>
            </TextLine>
            <TextLine id="tr_1_tl_32" custom="readingOrder {index:31;}">
                <Coords points="144,2270 328,2242 1628,2290 1708,2274 1708,2231 142,2185"/>
                <Baseline points="158,2233 235,2233 313,2236 391,2236 469,2239 546,2237 624,2240 702,2242 780,2245 857,2247 935,2248 1013,2248 1091,2251 1168,2254 1246,2256 1324,2254 1402,2257 1479,2260 1557,2261 1635,2266 1713,2263"/>
                <TextEquiv>
                    <Unicode>nutriebat, sine quo nullum fas erat sacrificium facere. Sic in igne prae-</Unicode>
                </TextEquiv>
            </TextLine>
            <TextLine id="tr_1_tl_33" custom="readingOrder {index:32;}">
                <Coords points="144,2318 1717,2348 1715,2274 330,2242 144,2272"/>
                <Baseline points="158,2295 236,2295 314,2295 392,2298 470,2301 549,2301 627,2302 705,2305 783,2307 861,2307 940,2310 1018,2311 1096,2313 1174,2318 1252,2317 1331,2319 1409,2319 1487,2323 1565,2325 1643,2325 1722,2328"/>
                <TextEquiv>
                    <Unicode>ter alia elementa, sacra omnia consistebant, quòd is credo, proximus</Unicode>
                </TextEquiv>
            </TextLine>
            <TextLine id="tr_1_tl_34" custom="readingOrder {index:33;}">
                <Coords points="151,2370 1710,2398 1660,2336 151,2318"/>
                <Baseline points="164,2358 241,2358 319,2359 396,2361 474,2364 552,2367 629,2367 707,2367 784,2370 862,2372 940,2373 1017,2376 1095,2376 1172,2379 1250,2379 1328,2382 1405,2384 1483,2385 1560,2388 1638,2388 1716,2388"/>
                <TextEquiv>
                    <Unicode>coelo sit, quòd in specie ignis deus Mosi primum locutus, quòd de coe</Unicode>
                </TextEquiv>
            </TextLine>
            <TextLine id="tr_1_tl_35" custom="readingOrder {index:34;}">
                <Coords points="142,2430 1712,2469 1710,2396 142,2359"/>
                <Baseline points="155,2418 233,2420 311,2422 389,2427 467,2427 545,2430 623,2433 701,2433 779,2433 857,2435 935,2436 1013,2439 1091,2439 1169,2441 1247,2442 1325,2445 1403,2445 1481,2447 1559,2448 1637,2448 1716,2445"/>
                <TextEquiv>
                    <Unicode>lo holocausta accepta rapuisset. Apud nos itidem nullo magis hono-</Unicode>
                </TextEquiv>
            </TextLine>
            <TextLine id="tr_1_tl_36" custom="readingOrder {index:35;}">
                <Coords points="149,2487 1710,2519 1667,2458 149,2435"/>
                <Baseline points="161,2480 238,2482 316,2486 394,2487 472,2489 549,2492 627,2492 705,2495 783,2498 860,2495 938,2498 1016,2498 1094,2501 1171,2503 1249,2504 1327,2507 1405,2507 1482,2507 1560,2510 1638,2507 1716,2507"/>
                <TextEquiv>
                    <Unicode>re quàm cereis decorantur extrinsecus coelicolae. Eadem in primis ra-</Unicode>
                </TextEquiv>
            </TextLine>
            <TextLine id="tr_1_tl_37" custom="readingOrder {index:36;}">
                <Coords points="144,2561 1703,2588 1660,2519 144,2487"/>
                <Baseline points="158,2540 235,2543 312,2547 390,2550 467,2552 545,2557 622,2556 700,2558 777,2557 855,2560 932,2561 1009,2561 1087,2564 1164,2564 1242,2567 1319,2567 1397,2570 1474,2570 1552,2570 1629,2573 1707,2570"/>
                <TextEquiv>
                    <Unicode>tione (ira opinor) à Vestalibus perpetuus seruabatur, ac ante Roma-</Unicode>
                </TextEquiv>
            </TextLine>
            <TextLine id="tr_1_tl_38" custom="readingOrder {index:37;}">
                <Coords points="142,2611 300,2648 1699,2639 1699,2586 1655,2581 142,2556"/>
                <Baseline points="155,2603 232,2607 309,2610 387,2615 464,2618 542,2618 619,2619 697,2621 774,2621 852,2623 929,2624 1006,2624 1084,2625 1161,2627 1239,2630 1316,2630 1394,2630 1471,2630 1549,2633 1626,2633 1704,2630"/>
                <TextEquiv>
                    <Unicode>nos imperatores deferebatur: quoniam denique deus noster ignis com-</Unicode>
                </TextEquiv>
            </TextLine>
            <TextLine id="tr_1_tl_39" custom="readingOrder {index:38;}">
                <Coords points="144,2685 1930,2719 1930,2627 1639,2664 144,2611"/>
                <Baseline points="158,2666 246,2672 335,2675 424,2681 513,2681 602,2683 690,2686 779,2683 868,2683 957,2686 1046,2686 1134,2688 1223,2689 1312,2691 1401,2692 1490,2692 1578,2693 1667,2689 1682,2687 1694,2688 1683,2690"/>
                <TextEquiv>
                    <Unicode>burens est, ac propterea merito sacer habetur. Item ex Mosis praece-</Unicode>
                </TextEquiv>
            </TextLine>
            <TextLine id="tr_1_tl_40" custom="readingOrder {index:39;}">
                <Coords points="144,2753 1199,2762 1369,2804 1536,2762 1628,2804 1676,2767 1745,2801 1937,2772 1937,2719 142,2687"/>
                <Baseline points="158,2728 247,2734 336,2737 425,2743 515,2749 604,2749 693,2752 782,2752 872,2752 961,2752 1050,2755 1139,2755 1229,2755 1318,2755 1407,2758 1496,2758 1586,2758 1675,2755 1699,2758 1699,2755 1690,2768"/>
                <TextEquiv>
                    <Unicode>pto in omni sacrificio adijciebatur sal: quia is sit praecipuus corruptio-</Unicode>
                </TextEquiv>
            </TextLine>
            <TextLine id="tr_1_tl_41" custom="readingOrder {index:40;}">
                <Coords points="156,2868 179,2873 215,2856 238,2866 277,2838 298,2852 316,2843 337,2859 344,2850 362,2859 376,2845 429,2854 422,2765 374,2746 250,2765 211,2740 147,2756"/>
                <Baseline points="161,2788 187,2791 214,2795 241,2796 268,2798 295,2800 321,2802 348,2804 375,2805 402,2807 429,2809"/>
                <TextEquiv>
                    <Unicode>nis espulsor.</Unicode>
                </TextEquiv>
            </TextLine>
            <TextEquiv>
                <Unicode></Unicode>
            </TextEquiv>
        </TextRegion>
        <TextRegion id="r" custom="readingOrder {index:1;}">
            <Coords points="1750,2081 2001,2081 1984,2784 1725,2782"/>
            <TextLine id="l" custom="readingOrder {index:0;}">
                <Coords points="1988,2168 1753,2160 1752,2190 1987,2198"/>
                <Baseline points="1988,2168 1753,2160"/>
                <TextEquiv>
                    <Unicode>Leuit.6.b</Unicode>
                </TextEquiv>
            </TextLine>
            <TextLine id="l_314" custom="readingOrder {index:1;}">
                <Coords points="1944,2694 1734,2696 1739,2701 1757,2701 1757,2671 1751,2674 1780,2715 1945,2724"/>
                <Baseline points="1944,2694 1734,2696 1739,2701 1757,2701"/>
                <TextEquiv>
                    <Unicode>Heb.12.g</Unicode>
                </TextEquiv>
            </TextLine>
            <TextLine id="l_325" custom="readingOrder {index:2;}">
                <Coords points="1945,2763 1726,2762 1726,2762 1726,2732 1677,2762 1945,2793"/>
                <Baseline points="1945,2763 1726,2762 1726,2762"/>
                <TextEquiv>
                    <Unicode>Leuit.2.d</Unicode>
                </TextEquiv>
            </TextLine>
            <TextEquiv>
                <Unicode></Unicode>
            </TextEquiv>
        </TextRegion>
    </Page>
</PcGts>
