2479 3508
322 538 592 654 Matt. 15.a
316 970 579 1082 I. Reg. I.b
318 1121 515 1223 ps. 4.b
311 1235 559 1347 Iere. 29.c
314 1810 536 1931 Dan. 6.c
311 2010 583 2103 Matt. 19.e
311 2130 552 2236 Exo. 20.b
305 2386 571 2506 Deute. 5.e
305 2712 554 2807 Mar. 16.c
1096 96 1779 222 DE INVENT.RERVM.
602 201 2263 353 tes, hanc vt vulgarem & cunctis communem minus vsurpant, inquiens:
610 297 2263 421 Quae enim potest magis spiritalis esse oratio, quàm quae à CHRISTO
606 378 2263 475 nobis data est? à quo nobis & spiritus sanctus missus est? Quae vera ma
606 426 2267 538 gis apud patrem precatio, quàm quae à filio, qui est veritas, de eius ore
608 513 2259 617 prolata est? vt aliter orare quàm docuit, non ignorantia sola sit, sed culpa.
612 577 2269 675 cum ipse proposuerit, & dixerit, Reijcitis madatum dei, vt traditionem ve-
604 633 2269 729 stram statuatis. Oremus itaque fratres dilectissimi, sicut magister deus do
602 714 2265 801 cuit. Haec ille. Est autem non voce tantum, sed corde orandus deus; vti
600 756 2267 857 Hieronymus praecipit, & in decretis canonicis distinctione vltima de
604 847 2257 922 consecratione scriptum legimus. Cyprianus item secrete adorandum
600 899 2261 984 esse ex praecepto dominico demonstrat: quia deus non vocis, sed cordis
604 957 2257 1046 auditor est. Nec admonendus est clamoribus, qui cogitationes videt.
606 1019 2263 1111 Hoc planum fit testimonio scripturae diuinae, quae de Anna dicit: Loque-
612 1086 2255 1169 batur in corde suo, & labia eius mouebantur, & vox eius non audieba
604 1154 2265 1242 tur, & exaudiuit eam dominus. In psalmis quoque legimus: Dicite in cor
604 1221 2261 1298 dibus vestris, & in stratis vestris, & transpungimini. Ieremias itidem do
604 1277 2253 1360 cens ait: In sensu tibi debet adorari deus. Mos est praeterea vt in ado
592 1356 2257 1426 rando ac salutando deo, quis in orientem solem conuertatur. Vtrunque apud
600 1408 2255 1487 priscos seruabatur, dicente Apuleio in secundo: Tunc in oriente obuer
596 1482 2261 1572 sus vel incrementa solis augusti tacitus imprecatus. &c. Quod proprium
592 1553 2257 1619 est veri adoratoris ex mystica religione: quoniam CHRISTVS sol est iu
592 1613 2249 1682 stitiae. Testis Diuus Hieronymus in Ezechielem. Caeterum apud Hebraeos
596 1655 2249 1757 hoc fieri non licebat, quibus praecepit dominus per Mosen in Deutero-
590 1738 2253 1821 nomio, nequaquam more gentilium contra orientem, sed quoquò versum
598 1794 2257 1860 intuentes contra templum deum adorarent, ne viderentur solem (vti facti-
598 1860 2249 1937 tabant gentes) colere. Idem Hieronymus testis. Vnde Danielem apud
598 1912 2240 1993 Babylonios ad eum modum orasse legimus. Idem saluator iussit, vt man-
598 1995 2249 2068 data legis diuinae à deo per Mosen populo Hebraico datae, à nobis iti¬
606 2062 2247 2130 dem seruarentur, inquiens: Si vis ad vitam ingredi, serua mandata. quorum
606 2126 2255 2193 capita haec fuerunt: Vnum deum colito verum & aeternum. Nullius ani
598 2184 2249 2253 malis effigiem adorato. Dei viui nomen haud frustra deierabis. Festos
598 2247 2249 2340 dies pie & rite seruato. Parentes venerare. Hominem ne occideris. Adul
600 2303 2240 2386 terium fuge. Furtum non feceris. Nil alienum concupiueris. Nec fal-
598 2381 2249 2467 sum dixeris testimonium. Haec igitur fuit praedicationis farrago, vnde
598 2435 2240 2512 est concionandi mos natus. Moses enim postmodum primus habita con-
592 2496 2255 2581 cione populum de eiusmodi mandatis & lege dei docuit, eumque per haec
592 2564 2249 2662 ad bene beatéque viuendum instituit. Iohannes baptista exin in deserto
590 2618 2247 2726 Iudaeae praedicauit. Praedicauit & saluator noster, eiusve muneris fun-
588 2687 2234 2763 ctionem Apostolis demandauit, dicens: Ite in mundum vniuersum,
592 2759 2249 2838 & praedicate Euangelium omni creaturae. Quod hodie nonnullos ex
577 2815 2249 2903 nostris Theologis cum concionantur facere pudet, seu taedet, quippe
592 2898 2236 3031 qui ceu narrationis vice cursim ac transeunter aliquid in Euangelio in-
